[{
  "LOCATION_NUM": "148",
  "ITEM_NUM": "14368",
  "CALENDAR_DATE": "2017-09-04T00:00:00",
  "ITEM_DESC": null,
  "DIF_TRND": -0.043542386144414635,
  "DIF_PRICE": null,
  "DIF_HOL": null,
  "DIF_WK_DAY": -0.17688218342239015,
  "DIF_INT": 8.647582371968241,
  "DIF_HRM": -1.0981385502183345,
  "DIF_DEMO": null,
  "DIF_COUPON": null,
  "UNIT_SALES": null,
  "UNIT_SALES_FC": 7.329019252183102,
  "REVENUE": null,
  "REVENUE_FC": 43.90082532057678,
  "UNIT_PRICE": 5.99,
  "REVENUE_FC_ADJ": 0,
  "UNIT_SALES_FC_ADJ": 0,
  "DIF_COUPON_ALL": 0
}, {
  "LOCATION_NUM": "148",
  "ITEM_NUM": "14368",
  "CALENDAR_DATE": "2017-10-06T00:00:00",
  "ITEM_DESC": null,
  "DIF_TRND": -0.0077284382342828195,
  "DIF_PRICE": null,
  "DIF_HOL": null,
  "DIF_WK_DAY": 1.252561345144537,
  "DIF_INT": 8.773524569780653,
  "DIF_HRM": -1.1013904017177598,
  "DIF_DEMO": null,
  "DIF_COUPON": null,
  "UNIT_SALES": null,
  "UNIT_SALES_FC": 8.916967074973147,
  "REVENUE": null,
  "REVENUE_FC": 53.41263277908916,
  "UNIT_PRICE": 5.99,
  "REVENUE_FC_ADJ": 0,
  "UNIT_SALES_FC_ADJ": 0,
  "DIF_COUPON_ALL": 0
}, {
  "LOCATION_NUM": "148",
  "ITEM_NUM": "14368",
  "CALENDAR_DATE": "2017-10-07T00:00:00",
  "ITEM_DESC": null,
  "DIF_TRND": -0.01545677610056373,
  "DIF_PRICE": null,
  "DIF_HOL": null,
  "DIF_WK_DAY": 0.3894752352349595,
  "DIF_INT": 8.773524569780653,
  "DIF_HRM": -1.0977820461790024,
  "DIF_DEMO": null,
  "DIF_COUPON": null,
  "UNIT_SALES": null,
  "UNIT_SALES_FC": 8.049760982736046,
  "REVENUE": null,
  "REVENUE_FC": 48.21806828658892,
  "UNIT_PRICE": 5.99,
  "REVENUE_FC_ADJ": 0,
  "UNIT_SALES_FC_ADJ": 0,
  "DIF_COUPON_ALL": 0
}, {
  "LOCATION_NUM": "148",
  "ITEM_NUM": "14368",
  "CALENDAR_DATE": "2017-10-08T00:00:00",
  "ITEM_DESC": null,
  "DIF_TRND": -0.023185013600096838,
  "DIF_PRICE": null,
  "DIF_HOL": null,
  "DIF_WK_DAY": 0.6557434785405256,
  "DIF_INT": 8.773524569780653,
  "DIF_HRM": -1.093442709048917,
  "DIF_DEMO": null,
  "DIF_COUPON": null,
  "UNIT_SALES": null,
  "UNIT_SALES_FC": 8.312640325672165,
  "REVENUE": null,
  "REVENUE_FC": 49.79271555077627,
  "UNIT_PRICE": 5.99,
  "REVENUE_FC_ADJ": 0,
  "UNIT_SALES_FC_ADJ": 0,
  "DIF_COUPON_ALL": 0
}, {
  "LOCATION_NUM": "148",
  "ITEM_NUM": "14368",
  "CALENDAR_DATE": "2017-10-10T00:00:00",
  "ITEM_DESC": null,
  "DIF_TRND": -0.03864118750421319,
  "DIF_PRICE": null,
  "DIF_HOL": null,
  "DIF_WK_DAY": -0.6351891278361608,
  "DIF_INT": 8.773524569780653,
  "DIF_HRM": -1.0826188693370096,
  "DIF_DEMO": null,
  "DIF_COUPON": null,
  "UNIT_SALES": null,
  "UNIT_SALES_FC": 7.0170753851032694,
  "REVENUE": null,
  "REVENUE_FC": 42.03228155676859,
  "UNIT_PRICE": 5.99,
  "REVENUE_FC_ADJ": 0,
  "UNIT_SALES_FC_ADJ": 0,
  "DIF_COUPON_ALL": 0
}, {
  "LOCATION_NUM": "148",
  "ITEM_NUM": "14368",
  "CALENDAR_DATE": "2017-10-11T00:00:00",
  "ITEM_DESC": null,
  "DIF_TRND": -0.04636912391137038,
  "DIF_PRICE": null,
  "DIF_HOL": null,
  "DIF_WK_DAY": -0.6384768226300697,
  "DIF_INT": 8.773524569780653,
  "DIF_HRM": -1.0761584488980338,
  "DIF_DEMO": null,
  "DIF_COUPON": null,
  "UNIT_SALES": null,
  "UNIT_SALES_FC": 7.012520174341179,
  "REVENUE": null,
  "REVENUE_FC": 42.004995844303664,
  "UNIT_PRICE": 5.99,
  "REVENUE_FC_ADJ": 0,
  "UNIT_SALES_FC_ADJ": 0,
  "DIF_COUPON_ALL": 0
}, {
  "LOCATION_NUM": "148",
  "ITEM_NUM": "14368",
  "CALENDAR_DATE": "2017-10-12T00:00:00",
  "ITEM_DESC": null,
  "DIF_TRND": -0.05409695995706798,
  "DIF_PRICE": null,
  "DIF_HOL": null,
  "DIF_WK_DAY": -0.49864417347366974,
  "DIF_INT": 8.773524569780653,
  "DIF_HRM": -1.0690150759885757,
  "DIF_DEMO": null,
  "DIF_COUPON": null,
  "UNIT_SALES": null,
  "UNIT_SALES_FC": 7.15176836036134,
  "REVENUE": null,
  "REVENUE_FC": 42.839092478564424,
  "UNIT_PRICE": 5.99,
  "REVENUE_FC_ADJ": 0,
  "UNIT_SALES_FC_ADJ": 0,
  "DIF_COUPON_ALL": 0
}, {
  "LOCATION_NUM": "148",
  "ITEM_NUM": "14368",
  "CALENDAR_DATE": "2017-10-13T00:00:00",
  "ITEM_DESC": null,
  "DIF_TRND": -0.0618246956425601,
  "DIF_PRICE": null,
  "DIF_HOL": null,
  "DIF_WK_DAY": 1.250288658376447,
  "DIF_INT": 8.773524569780653,
  "DIF_HRM": -1.0612006835420535,
  "DIF_DEMO": null,
  "DIF_COUPON": null,
  "UNIT_SALES": null,
  "UNIT_SALES_FC": 8.900787848972486,
  "REVENUE": null,
  "REVENUE_FC": 53.3157192153452,
  "UNIT_PRICE": 5.99,
  "REVENUE_FC_ADJ": 0,
  "UNIT_SALES_FC_ADJ": 0,
  "DIF_COUPON_ALL": 0
}, {
  "LOCATION_NUM": "148",
  "ITEM_NUM": "14368",
  "CALENDAR_DATE": "2017-10-14T00:00:00",
  "ITEM_DESC": null,
  "DIF_TRND": -0.06955233096916835,
  "DIF_PRICE": null,
  "DIF_HOL": null,
  "DIF_WK_DAY": 0.3890155823381267,
  "DIF_INT": 8.773524569780653,
  "DIF_HRM": -1.0527270469500571,
  "DIF_DEMO": null,
  "DIF_COUPON": null,
  "UNIT_SALES": null,
  "UNIT_SALES_FC": 8.040260774199554,
  "REVENUE": null,
  "REVENUE_FC": 48.161162037455334,
  "UNIT_PRICE": 5.99,
  "REVENUE_FC_ADJ": 0,
  "UNIT_SALES_FC_ADJ": 0,
  "DIF_COUPON_ALL": 0
}, {
  "LOCATION_NUM": "148",
  "ITEM_NUM": "14368",
  "CALENDAR_DATE": "2017-10-15T00:00:00",
  "ITEM_DESC": null,
  "DIF_TRND": -0.07727986593814684,
  "DIF_PRICE": null,
  "DIF_HOL": null,
  "DIF_WK_DAY": 0.6553788309548487,
  "DIF_INT": 8.773524569780653,
  "DIF_HRM": -1.043605724368664,
  "DIF_DEMO": null,
  "DIF_COUPON": null,
  "UNIT_SALES": null,
  "UNIT_SALES_FC": 8.30801781042869,
  "REVENUE": null,
  "REVENUE_FC": 49.76502668446786,
  "UNIT_PRICE": 5.99,
  "REVENUE_FC_ADJ": 0,
  "UNIT_SALES_FC_ADJ": 0,
  "DIF_COUPON_ALL": 0
}, {
  "LOCATION_NUM": "148",
  "ITEM_NUM": "14368",
  "CALENDAR_DATE": "2017-10-16T00:00:00",
  "ITEM_DESC": null,
  "DIF_TRND": -0.08500730055081895,
  "DIF_PRICE": null,
  "DIF_HOL": null,
  "DIF_WK_DAY": -0.31404438260480294,
  "DIF_INT": 8.773524569780653,
  "DIF_HRM": -1.0338479997628909,
  "DIF_DEMO": null,
  "DIF_COUPON": null,
  "UNIT_SALES": null,
  "UNIT_SALES_FC": 7.34062488686214,
  "REVENUE": null,
  "REVENUE_FC": 43.970343072304225,
  "UNIT_PRICE": 5.99,
  "REVENUE_FC_ADJ": 0,
  "UNIT_SALES_FC_ADJ": 0,
  "DIF_COUPON_ALL": 0
}, {
  "LOCATION_NUM": "148",
  "ITEM_NUM": "14368",
  "CALENDAR_DATE": "2017-10-17T00:00:00",
  "ITEM_DESC": null,
  "DIF_TRND": -0.09273463480857025,
  "DIF_PRICE": null,
  "DIF_HOL": null,
  "DIF_WK_DAY": -0.6356091909094355,
  "DIF_INT": 8.773524569780653,
  "DIF_HRM": -1.023464828883383,
  "DIF_DEMO": null,
  "DIF_COUPON": null,
  "UNIT_SALES": null,
  "UNIT_SALES_FC": 7.021715915179264,
  "REVENUE": null,
  "REVENUE_FC": 42.0600783319238,
  "UNIT_PRICE": 5.99,
  "REVENUE_FC_ADJ": 0,
  "UNIT_SALES_FC_ADJ": 0,
  "DIF_COUPON_ALL": 0
}, {
  "LOCATION_NUM": "148",
  "ITEM_NUM": "14368",
  "CALENDAR_DATE": "2017-10-18T00:00:00",
  "ITEM_DESC": null,
  "DIF_TRND": -0.10046186871259088,
  "DIF_PRICE": null,
  "DIF_HOL": null,
  "DIF_WK_DAY": -0.6392778535575401,
  "DIF_INT": 8.773524569780653,
  "DIF_HRM": -1.0124667883596432,
  "DIF_DEMO": null,
  "DIF_COUPON": null,
  "UNIT_SALES": null,
  "UNIT_SALES_FC": 7.021318059150879,
  "REVENUE": null,
  "REVENUE_FC": 42.057695174313764,
  "UNIT_PRICE": 5.99,
  "REVENUE_FC_ADJ": 0,
  "UNIT_SALES_FC_ADJ": 0,
  "DIF_COUPON_ALL": 0
}, {
  "LOCATION_NUM": "148",
  "ITEM_NUM": "14368",
  "CALENDAR_DATE": "2017-10-19T00:00:00",
  "ITEM_DESC": null,
  "DIF_TRND": -0.10818900226420247,
  "DIF_PRICE": null,
  "DIF_HOL": null,
  "DIF_WK_DAY": -0.49956052160468634,
  "DIF_INT": 8.773524569780653,
  "DIF_HRM": -1.0008640280822263,
  "DIF_DEMO": null,
  "DIF_COUPON": null,
  "UNIT_SALES": null,
  "UNIT_SALES_FC": 7.164911017829538,
  "REVENUE": null,
  "REVENUE_FC": 42.91781699679893,
  "UNIT_PRICE": 5.99,
  "REVENUE_FC_ADJ": 0,
  "UNIT_SALES_FC_ADJ": 0,
  "DIF_COUPON_ALL": 0
}, {
  "LOCATION_NUM": "148",
  "ITEM_NUM": "14368",
  "CALENDAR_DATE": "2017-10-20T00:00:00",
  "ITEM_DESC": null,
  "DIF_TRND": -0.11591603546472662,
  "DIF_PRICE": null,
  "DIF_HOL": null,
  "DIF_WK_DAY": 1.2533027387705085,
  "DIF_INT": 8.773524569780653,
  "DIF_HRM": -0.9886662270358597,
  "DIF_DEMO": null,
  "DIF_COUPON": null,
  "UNIT_SALES": null,
  "UNIT_SALES_FC": 8.922245046050575,
  "REVENUE": null,
  "REVENUE_FC": 53.44424782584295,
  "UNIT_PRICE": 5.99,
  "REVENUE_FC_ADJ": 0,
  "UNIT_SALES_FC_ADJ": 0,
  "DIF_COUPON_ALL": 0
}, {
  "LOCATION_NUM": "148",
  "ITEM_NUM": "14368",
  "CALENDAR_DATE": "2017-10-21T00:00:00",
  "ITEM_DESC": null,
  "DIF_TRND": -0.12364296831555066,
  "DIF_PRICE": null,
  "DIF_HOL": null,
  "DIF_WK_DAY": 0.39017246656534077,
  "DIF_INT": 8.773524569780653,
  "DIF_HRM": -0.9758825527329336,
  "DIF_DEMO": null,
  "DIF_COUPON": null,
  "UNIT_SALES": null,
  "UNIT_SALES_FC": 8.06417151529751,
  "REVENUE": null,
  "REVENUE_FC": 48.304387376632086,
  "UNIT_PRICE": 5.99,
  "REVENUE_FC_ADJ": 0,
  "UNIT_SALES_FC_ADJ": 0,
  "DIF_COUPON_ALL": 0
}, {
  "LOCATION_NUM": "148",
  "ITEM_NUM": "14368",
  "CALENDAR_DATE": "2017-10-22T00:00:00",
  "ITEM_DESC": null,
  "DIF_TRND": -0.13136980081779548,
  "DIF_PRICE": null,
  "DIF_HOL": null,
  "DIF_WK_DAY": 0.6576906353423313,
  "DIF_INT": 8.773524569780653,
  "DIF_HRM": -0.9625216243848476,
  "DIF_DEMO": null,
  "DIF_COUPON": null,
  "UNIT_SALES": null,
  "UNIT_SALES_FC": 8.337323779920341,
  "REVENUE": null,
  "REVENUE_FC": 49.94056944172284,
  "UNIT_PRICE": 5.99,
  "REVENUE_FC_ADJ": 0,
  "UNIT_SALES_FC_ADJ": 0,
  "DIF_COUPON_ALL": 0
}, {
  "LOCATION_NUM": "148",
  "ITEM_NUM": "14368",
  "CALENDAR_DATE": "2017-10-23T00:00:00",
  "ITEM_DESC": null,
  "DIF_TRND": -0.13909653297291946,
  "DIF_PRICE": null,
  "DIF_HOL": null,
  "DIF_WK_DAY": -0.3153230677035346,
  "DIF_INT": 8.773524569780653,
  "DIF_HRM": -0.9485914799357467,
  "DIF_DEMO": null,
  "DIF_COUPON": null,
  "UNIT_SALES": null,
  "UNIT_SALES_FC": 7.370513489168452,
  "REVENUE": null,
  "REVENUE_FC": 44.14937580011903,
  "UNIT_PRICE": 5.99,
  "REVENUE_FC_ADJ": 0,
  "UNIT_SALES_FC_ADJ": 0,
  "DIF_COUPON_ALL": 0
}, {
  "LOCATION_NUM": "148",
  "ITEM_NUM": "14368",
  "CALENDAR_DATE": "2017-10-24T00:00:00",
  "ITEM_DESC": null,
  "DIF_TRND": -0.1468231647822389,
  "DIF_PRICE": null,
  "DIF_HOL": null,
  "DIF_WK_DAY": -0.6385373972196096,
  "DIF_INT": 8.773524569780653,
  "DIF_HRM": -0.9340995470700824,
  "DIF_DEMO": null,
  "DIF_COUPON": null,
  "UNIT_SALES": null,
  "UNIT_SALES_FC": 7.054064460708722,
  "REVENUE": null,
  "REVENUE_FC": 42.253846119645246,
  "UNIT_PRICE": 5.99,
  "REVENUE_FC_ADJ": 0,
  "UNIT_SALES_FC_ADJ": 0,
  "DIF_COUPON_ALL": 0
}, {
  "LOCATION_NUM": "148",
  "ITEM_NUM": "14368",
  "CALENDAR_DATE": "2017-10-25T00:00:00",
  "ITEM_DESC": null,
  "DIF_TRND": -0.15454969624687998,
  "DIF_PRICE": null,
  "DIF_HOL": null,
  "DIF_WK_DAY": -0.6425596426153817,
  "DIF_INT": 8.773524569780653,
  "DIF_HRM": -0.9190526182921834,
  "DIF_DEMO": null,
  "DIF_COUPON": null,
  "UNIT_SALES": null,
  "UNIT_SALES_FC": 7.057362612626208,
  "REVENUE": null,
  "REVENUE_FC": 42.27360204963099,
  "UNIT_PRICE": 5.99,
  "REVENUE_FC_ADJ": 0,
  "UNIT_SALES_FC_ADJ": 0,
  "DIF_COUPON_ALL": 0
}, {
  "LOCATION_NUM": "148",
  "ITEM_NUM": "14368",
  "CALENDAR_DATE": "2017-10-26T00:00:00",
  "ITEM_DESC": null,
  "DIF_TRND": -0.1622761273683615,
  "DIF_PRICE": null,
  "DIF_HOL": null,
  "DIF_WK_DAY": -0.502384068937408,
  "DIF_INT": 8.773524569780653,
  "DIF_HRM": -0.9034568301621091,
  "DIF_DEMO": null,
  "DIF_COUPON": null,
  "UNIT_SALES": null,
  "UNIT_SALES_FC": 7.205407543312774,
  "REVENUE": null,
  "REVENUE_FC": 43.16039118444352,
  "UNIT_PRICE": 5.99,
  "REVENUE_FC_ADJ": 0,
  "UNIT_SALES_FC_ADJ": 0,
  "DIF_COUPON_ALL": 0
}, {
  "LOCATION_NUM": "148",
  "ITEM_NUM": "14368",
  "CALENDAR_DATE": "2017-10-31T00:00:00",
  "ITEM_DESC": null,
  "DIF_TRND": -0.20090677787224287,
  "DIF_PRICE": null,
  "DIF_HOL": null,
  "DIF_WK_DAY": -0.6437339307591978,
  "DIF_INT": 8.773524569780653,
  "DIF_HRM": -0.8174121401608172,
  "DIF_DEMO": null,
  "DIF_COUPON": null,
  "UNIT_SALES": null,
  "UNIT_SALES_FC": 7.111471720988395,
  "REVENUE": null,
  "REVENUE_FC": 42.597715608720485,
  "UNIT_PRICE": 5.99,
  "REVENUE_FC_ADJ": 0,
  "UNIT_SALES_FC_ADJ": 0,
  "DIF_COUPON_ALL": 0
}, {
  "LOCATION_NUM": "148",
  "ITEM_NUM": "14368",
  "CALENDAR_DATE": "2017-11-01T00:00:00",
  "ITEM_DESC": null,
  "DIF_TRND": -0.20863260696146035,
  "DIF_PRICE": null,
  "DIF_HOL": null,
  "DIF_WK_DAY": -0.648097053701532,
  "DIF_INT": 8.773524569780653,
  "DIF_HRM": -0.7986137897282912,
  "DIF_DEMO": null,
  "DIF_COUPON": null,
  "UNIT_SALES": null,
  "UNIT_SALES_FC": 7.118181119389369,
  "REVENUE": null,
  "REVENUE_FC": 42.63790490514232,
  "UNIT_PRICE": 5.99,
  "REVENUE_FC_ADJ": 0,
  "UNIT_SALES_FC_ADJ": 0,
  "DIF_COUPON_ALL": 0
}, {
  "LOCATION_NUM": "148",
  "ITEM_NUM": "14368",
  "CALENDAR_DATE": "2017-11-02T00:00:00",
  "ITEM_DESC": null,
  "DIF_TRND": -0.21635833571656704,
  "DIF_PRICE": null,
  "DIF_HOL": null,
  "DIF_WK_DAY": -0.50695207446776,
  "DIF_INT": 8.773524569780653,
  "DIF_HRM": -0.7792903239856912,
  "DIF_DEMO": null,
  "DIF_COUPON": null,
  "UNIT_SALES": null,
  "UNIT_SALES_FC": 7.270923835610635,
  "REVENUE": null,
  "REVENUE_FC": 43.552833775307704,
  "UNIT_PRICE": 5.99,
  "REVENUE_FC_ADJ": 0,
  "UNIT_SALES_FC_ADJ": 0,
  "DIF_COUPON_ALL": 0
}, {
  "LOCATION_NUM": "148",
  "ITEM_NUM": "14368",
  "CALENDAR_DATE": "2017-11-03T00:00:00",
  "ITEM_DESC": null,
  "DIF_TRND": -0.2240839641388206,
  "DIF_PRICE": null,
  "DIF_HOL": null,
  "DIF_WK_DAY": 1.27308639121292,
  "DIF_INT": 8.773524569780653,
  "DIF_HRM": -0.759442399802917,
  "DIF_DEMO": null,
  "DIF_COUPON": null,
  "UNIT_SALES": null,
  "UNIT_SALES_FC": 9.063084597051835,
  "REVENUE": null,
  "REVENUE_FC": 54.28787673634049,
  "UNIT_PRICE": 5.99,
  "REVENUE_FC_ADJ": 0,
  "UNIT_SALES_FC_ADJ": 0,
  "DIF_COUPON_ALL": 0
}, {
  "LOCATION_NUM": "148",
  "ITEM_NUM": "14368",
  "CALENDAR_DATE": "2017-11-04T00:00:00",
  "ITEM_DESC": null,
  "DIF_TRND": -0.2318094922295444,
  "DIF_PRICE": null,
  "DIF_HOL": null,
  "DIF_WK_DAY": 0.3967132712032262,
  "DIF_INT": 8.773524569780653,
  "DIF_HRM": -0.7390700251402942,
  "DIF_DEMO": null,
  "DIF_COUPON": null,
  "UNIT_SALES": null,
  "UNIT_SALES_FC": 8.19935832361404,
  "REVENUE": null,
  "REVENUE_FC": 49.114156358448106,
  "UNIT_PRICE": 5.99,
  "REVENUE_FC_ADJ": 0,
  "UNIT_SALES_FC_ADJ": 0,
  "DIF_COUPON_ALL": 0
}, {
  "LOCATION_NUM": "148",
  "ITEM_NUM": "14368",
  "CALENDAR_DATE": "2017-11-05T00:00:00",
  "ITEM_DESC": null,
  "DIF_TRND": -0.23953491998999077,
  "DIF_PRICE": null,
  "DIF_HOL": null,
  "DIF_WK_DAY": 0.6693535481048016,
  "DIF_INT": 8.773524569780653,
  "DIF_HRM": -0.718172581343401,
  "DIF_DEMO": null,
  "DIF_COUPON": null,
  "UNIT_SALES": null,
  "UNIT_SALES_FC": 8.485170616552063,
  "REVENUE": null,
  "REVENUE_FC": 50.82617199314686,
  "UNIT_PRICE": 5.99,
  "REVENUE_FC_ADJ": 0,
  "UNIT_SALES_FC_ADJ": 0,
  "DIF_COUPON_ALL": 0
}, {
  "LOCATION_NUM": "148",
  "ITEM_NUM": "14368",
  "CALENDAR_DATE": "2017-11-06T00:00:00",
  "ITEM_DESC": null,
  "DIF_TRND": -0.24726024742161634,
  "DIF_PRICE": null,
  "DIF_HOL": null,
  "DIF_WK_DAY": -0.32121771250819275,
  "DIF_INT": 8.773524569780653,
  "DIF_HRM": -0.6967488495759175,
  "DIF_DEMO": null,
  "DIF_COUPON": null,
  "UNIT_SALES": null,
  "UNIT_SALES_FC": 7.508297760274926,
  "REVENUE": null,
  "REVENUE_FC": 44.97470358404681,
  "UNIT_PRICE": 5.99,
  "REVENUE_FC_ADJ": 0,
  "UNIT_SALES_FC_ADJ": 0,
  "DIF_COUPON_ALL": 0
}, {
  "LOCATION_NUM": "148",
  "ITEM_NUM": "14368",
  "CALENDAR_DATE": "2017-11-11T00:00:00",
  "ITEM_DESC": null,
  "DIF_TRND": -0.2858853796910701,
  "DIF_PRICE": null,
  "DIF_HOL": null,
  "DIF_WK_DAY": 0.4019673691933834,
  "DIF_INT": 8.773524569780653,
  "DIF_HRM": -0.581655367177226,
  "DIF_DEMO": null,
  "DIF_COUPON": null,
  "UNIT_SALES": null,
  "UNIT_SALES_FC": 8.30795119210574,
  "REVENUE": null,
  "REVENUE_FC": 49.764627640713385,
  "UNIT_PRICE": 5.99,
  "REVENUE_FC_ADJ": 0,
  "UNIT_SALES_FC_ADJ": 0,
  "DIF_COUPON_ALL": 0
}, {
  "LOCATION_NUM": "148",
  "ITEM_NUM": "14368",
  "CALENDAR_DATE": "2017-11-12T00:00:00",
  "ITEM_DESC": null,
  "DIF_TRND": -0.2936101051764517,
  "DIF_PRICE": null,
  "DIF_HOL": null,
  "DIF_WK_DAY": 0.6785238349517799,
  "DIF_INT": 8.773524569780653,
  "DIF_HRM": -0.5570190297777566,
  "DIF_DEMO": null,
  "DIF_COUPON": null,
  "UNIT_SALES": null,
  "UNIT_SALES_FC": 8.601419269778225,
  "REVENUE": null,
  "REVENUE_FC": 51.52250142597157,
  "UNIT_PRICE": 5.99,
  "REVENUE_FC_ADJ": 0,
  "UNIT_SALES_FC_ADJ": 0,
  "DIF_COUPON_ALL": 0
}, {
  "LOCATION_NUM": "148",
  "ITEM_NUM": "14368",
  "CALENDAR_DATE": "2017-11-13T00:00:00",
  "ITEM_DESC": null,
  "DIF_TRND": -0.30133473034199554,
  "DIF_PRICE": null,
  "DIF_HOL": null,
  "DIF_WK_DAY": -0.3257651016671286,
  "DIF_INT": 8.773524569780653,
  "DIF_HRM": -0.5318341097386892,
  "DIF_DEMO": null,
  "DIF_COUPON": null,
  "UNIT_SALES": null,
  "UNIT_SALES_FC": 7.61459062803284,
  "REVENUE": null,
  "REVENUE_FC": 45.611397861916714,
  "UNIT_PRICE": 5.99,
  "REVENUE_FC_ADJ": 0,
  "UNIT_SALES_FC_ADJ": 0,
  "DIF_COUPON_ALL": 0
}, {
  "LOCATION_NUM": "148",
  "ITEM_NUM": "14368",
  "CALENDAR_DATE": "2017-11-14T00:00:00",
  "ITEM_DESC": null,
  "DIF_TRND": -0.30905925518908894,
  "DIF_PRICE": null,
  "DIF_HOL": null,
  "DIF_WK_DAY": -0.6605978734316453,
  "DIF_INT": 8.773524569780653,
  "DIF_HRM": -0.506095999605229,
  "DIF_DEMO": null,
  "DIF_COUPON": null,
  "UNIT_SALES": null,
  "UNIT_SALES_FC": 7.29777144155469,
  "REVENUE": null,
  "REVENUE_FC": 43.71365093491259,
  "UNIT_PRICE": 5.99,
  "REVENUE_FC_ADJ": 0,
  "UNIT_SALES_FC_ADJ": 0,
  "DIF_COUPON_ALL": 0
}, {
  "LOCATION_NUM": "148",
  "ITEM_NUM": "14368",
  "CALENDAR_DATE": "2017-11-15T00:00:00",
  "ITEM_DESC": null,
  "DIF_TRND": -0.3167836797189221,
  "DIF_PRICE": null,
  "DIF_HOL": null,
  "DIF_WK_DAY": -0.6656768969606812,
  "DIF_INT": 8.773524569780653,
  "DIF_HRM": -0.47979989693467573,
  "DIF_DEMO": null,
  "DIF_COUPON": null,
  "UNIT_SALES": null,
  "UNIT_SALES_FC": 7.311264096166374,
  "REVENUE": null,
  "REVENUE_FC": 43.79447193603658,
  "UNIT_PRICE": 5.99,
  "REVENUE_FC_ADJ": 0,
  "UNIT_SALES_FC_ADJ": 0,
  "DIF_COUPON_ALL": 0
}, {
  "LOCATION_NUM": "148",
  "ITEM_NUM": "14368",
  "CALENDAR_DATE": "2017-11-16T00:00:00",
  "ITEM_DESC": null,
  "DIF_TRND": -0.32450800393288226,
  "DIF_PRICE": null,
  "DIF_HOL": null,
  "DIF_WK_DAY": -0.5211740597240047,
  "DIF_INT": 8.773524569780653,
  "DIF_HRM": -0.4529408651201958,
  "DIF_DEMO": null,
  "DIF_COUPON": null,
  "UNIT_SALES": null,
  "UNIT_SALES_FC": 7.47490164100357,
  "REVENUE": null,
  "REVENUE_FC": 44.774660829611385,
  "UNIT_PRICE": 5.99,
  "REVENUE_FC_ADJ": 0,
  "UNIT_SALES_FC_ADJ": 0,
  "DIF_COUPON_ALL": 0
}, {
  "LOCATION_NUM": "148",
  "ITEM_NUM": "14368",
  "CALENDAR_DATE": "2017-11-17T00:00:00",
  "ITEM_DESC": null,
  "DIF_TRND": -0.3322322278322236,
  "DIF_PRICE": null,
  "DIF_HOL": null,
  "DIF_WK_DAY": 1.3099846988392105,
  "DIF_INT": 8.773524569780653,
  "DIF_HRM": -0.4255138966919372,
  "DIF_DEMO": null,
  "DIF_COUPON": null,
  "UNIT_SALES": null,
  "UNIT_SALES_FC": 9.325763144095703,
  "REVENUE": null,
  "REVENUE_FC": 55.86132123313326,
  "UNIT_PRICE": 5.99,
  "REVENUE_FC_ADJ": 0,
  "UNIT_SALES_FC_ADJ": 0,
  "DIF_COUPON_ALL": 0
}, {
  "LOCATION_NUM": "148",
  "ITEM_NUM": "14368",
  "CALENDAR_DATE": "2017-11-18T00:00:00",
  "ITEM_DESC": null,
  "DIF_TRND": -0.3399563514182695,
  "DIF_PRICE": null,
  "DIF_HOL": null,
  "DIF_WK_DAY": 0.4085805958745805,
  "DIF_INT": 8.773524569780653,
  "DIF_HRM": -0.3975139788793651,
  "DIF_DEMO": null,
  "DIF_COUPON": null,
  "UNIT_SALES": null,
  "UNIT_SALES_FC": 8.444634835357599,
  "REVENUE": null,
  "REVENUE_FC": 50.583362663792016,
  "UNIT_PRICE": 5.99,
  "REVENUE_FC_ADJ": 0,
  "UNIT_SALES_FC_ADJ": 0,
  "DIF_COUPON_ALL": 0
}, {
  "LOCATION_NUM": "148",
  "ITEM_NUM": "14368",
  "CALENDAR_DATE": "2017-11-23T00:00:00",
  "ITEM_DESC": null,
  "DIF_TRND": -0.37857546469477477,
  "DIF_PRICE": null,
  "DIF_HOL": null,
  "DIF_WK_DAY": -0.5309587176190309,
  "DIF_INT": 8.773524569780653,
  "DIF_HRM": -0.2487529910825863,
  "DIF_DEMO": null,
  "DIF_COUPON": null,
  "UNIT_SALES": null,
  "UNIT_SALES_FC": 7.615237396384261,
  "REVENUE": null,
  "REVENUE_FC": 45.615272004341726,
  "UNIT_PRICE": 5.99,
  "REVENUE_FC_ADJ": 0,
  "UNIT_SALES_FC_ADJ": 0,
  "DIF_COUPON_ALL": 0
}, {
  "LOCATION_NUM": "148",
  "ITEM_NUM": "14368",
  "CALENDAR_DATE": "2017-11-24T00:00:00",
  "ITEM_DESC": null,
  "DIF_TRND": -0.386298986428395,
  "DIF_PRICE": null,
  "DIF_HOL": null,
  "DIF_WK_DAY": 1.335189625623677,
  "DIF_INT": 8.773524569780653,
  "DIF_HRM": -0.21721853602719676,
  "DIF_DEMO": null,
  "DIF_COUPON": null,
  "UNIT_SALES": null,
  "UNIT_SALES_FC": 9.505196672948738,
  "REVENUE": null,
  "REVENUE_FC": 56.936128070962944,
  "UNIT_PRICE": 5.99,
  "REVENUE_FC_ADJ": 0,
  "UNIT_SALES_FC_ADJ": 0,
  "DIF_COUPON_ALL": 0
}, {
  "LOCATION_NUM": "148",
  "ITEM_NUM": "14368",
  "CALENDAR_DATE": "2017-11-25T00:00:00",
  "ITEM_DESC": null,
  "DIF_TRND": -0.39402240785790177,
  "DIF_PRICE": null,
  "DIF_HOL": null,
  "DIF_WK_DAY": 0.4166324750262067,
  "DIF_INT": 8.773524569780653,
  "DIF_HRM": -0.18508176837966417,
  "DIF_DEMO": null,
  "DIF_COUPON": null,
  "UNIT_SALES": null,
  "UNIT_SALES_FC": 8.611052868569294,
  "REVENUE": null,
  "REVENUE_FC": 51.58020668273007,
  "UNIT_PRICE": 5.99,
  "REVENUE_FC_ADJ": 0,
  "UNIT_SALES_FC_ADJ": 0,
  "DIF_COUPON_ALL": 0
}, {
  "LOCATION_NUM": "148",
  "ITEM_NUM": "14368",
  "CALENDAR_DATE": "2017-11-26T00:00:00",
  "ITEM_DESC": null,
  "DIF_TRND": -0.40174572898448524,
  "DIF_PRICE": null,
  "DIF_HOL": null,
  "DIF_WK_DAY": 0.703920060848759,
  "DIF_INT": 8.773524569780653,
  "DIF_HRM": -0.15234018691642603,
  "DIF_DEMO": null,
  "DIF_COUPON": null,
  "UNIT_SALES": null,
  "UNIT_SALES_FC": 8.9233587147285,
  "REVENUE": null,
  "REVENUE_FC": 53.45091870122372,
  "UNIT_PRICE": 5.99,
  "REVENUE_FC_ADJ": 0,
  "UNIT_SALES_FC_ADJ": 0,
  "DIF_COUPON_ALL": 0
}, {
  "LOCATION_NUM": "148",
  "ITEM_NUM": "14368",
  "CALENDAR_DATE": "2017-11-27T00:00:00",
  "ITEM_DESC": null,
  "DIF_TRND": -0.4094689498095345,
  "DIF_PRICE": null,
  "DIF_HOL": null,
  "DIF_WK_DAY": -0.3382662062261126,
  "DIF_INT": 8.773524569780653,
  "DIF_HRM": -0.11899193750235426,
  "DIF_DEMO": null,
  "DIF_COUPON": null,
  "UNIT_SALES": null,
  "UNIT_SALES_FC": 7.906797476242652,
  "REVENUE": null,
  "REVENUE_FC": 47.361716882693486,
  "UNIT_PRICE": 5.99,
  "REVENUE_FC_ADJ": 0,
  "UNIT_SALES_FC_ADJ": 0,
  "DIF_COUPON_ALL": 0
}, {
  "LOCATION_NUM": "148",
  "ITEM_NUM": "14368",
  "CALENDAR_DATE": "2017-11-28T00:00:00",
  "ITEM_DESC": null,
  "DIF_TRND": -0.41719207033430017,
  "DIF_PRICE": null,
  "DIF_HOL": null,
  "DIF_WK_DAY": -0.6865729317029521,
  "DIF_INT": 8.773524569780653,
  "DIF_HRM": -0.08503588781660198,
  "DIF_DEMO": null,
  "DIF_COUPON": null,
  "UNIT_SALES": null,
  "UNIT_SALES_FC": 7.584723679926799,
  "REVENUE": null,
  "REVENUE_FC": 45.43249484276153,
  "UNIT_PRICE": 5.99,
  "REVENUE_FC_ADJ": 0,
  "UNIT_SALES_FC_ADJ": 0,
  "DIF_COUPON_ALL": 0
}, {
  "LOCATION_NUM": "148",
  "ITEM_NUM": "14368",
  "CALENDAR_DATE": "2017-11-29T00:00:00",
  "ITEM_DESC": null,
  "DIF_TRND": -0.4249150905601091,
  "DIF_PRICE": null,
  "DIF_HOL": null,
  "DIF_WK_DAY": -0.6924808157853102,
  "DIF_INT": 8.773524569780653,
  "DIF_HRM": -0.05047170155003222,
  "DIF_DEMO": null,
  "DIF_COUPON": null,
  "UNIT_SALES": null,
  "UNIT_SALES_FC": 7.6056569618852015,
  "REVENUE": null,
  "REVENUE_FC": 45.55788520169236,
  "UNIT_PRICE": 5.99,
  "REVENUE_FC_ADJ": 0,
  "UNIT_SALES_FC_ADJ": 0,
  "DIF_COUPON_ALL": 0
}, {
  "LOCATION_NUM": "148",
  "ITEM_NUM": "14368",
  "CALENDAR_DATE": "2017-11-30T00:00:00",
  "ITEM_DESC": null,
  "DIF_TRND": -0.43263801048827943,
  "DIF_PRICE": null,
  "DIF_HOL": null,
  "DIF_WK_DAY": -0.5426511647784951,
  "DIF_INT": 8.773524569780653,
  "DIF_HRM": -0.015299911801395893,
  "DIF_DEMO": null,
  "DIF_COUPON": null,
  "UNIT_SALES": null,
  "UNIT_SALES_FC": 7.782935482712483,
  "REVENUE": null,
  "REVENUE_FC": 46.619783541447774,
  "UNIT_PRICE": 5.99,
  "REVENUE_FC_ADJ": 0,
  "UNIT_SALES_FC_ADJ": 0,
  "DIF_COUPON_ALL": 0
}, {
  "LOCATION_NUM": "148",
  "ITEM_NUM": "14368",
  "CALENDAR_DATE": "2017-12-04T00:00:00",
  "ITEM_DESC": null,
  "DIF_TRND": -0.023097174636985685,
  "DIF_PRICE": null,
  "DIF_HOL": null,
  "DIF_WK_DAY": -0.36634444936795596,
  "DIF_INT": 8.496765326485637,
  "DIF_HRM": 0.7606093046459765,
  "DIF_DEMO": null,
  "DIF_COUPON": null,
  "UNIT_SALES": null,
  "UNIT_SALES_FC": 8.867933007126672,
  "REVENUE": null,
  "REVENUE_FC": 53.11891871268877,
  "UNIT_PRICE": 5.99,
  "REVENUE_FC_ADJ": 0,
  "UNIT_SALES_FC_ADJ": 0,
  "DIF_COUPON_ALL": 0
}, {
  "LOCATION_NUM": "148",
  "ITEM_NUM": "14368",
  "CALENDAR_DATE": "2017-12-19T00:00:00",
  "ITEM_DESC": null,
  "DIF_TRND": -0.138570480742791,
  "DIF_PRICE": null,
  "DIF_HOL": null,
  "DIF_WK_DAY": -0.9820514336829902,
  "DIF_INT": 8.496765326485637,
  "DIF_HRM": 1.2498568727018373,
  "DIF_DEMO": null,
  "DIF_COUPON": null,
  "UNIT_SALES": null,
  "UNIT_SALES_FC": 8.626000284761693,
  "REVENUE": null,
  "REVENUE_FC": 51.669741705722544,
  "UNIT_PRICE": 5.99,
  "REVENUE_FC_ADJ": 0,
  "UNIT_SALES_FC_ADJ": 0,
  "DIF_COUPON_ALL": 0
}, {
  "LOCATION_NUM": "148",
  "ITEM_NUM": "14368",
  "CALENDAR_DATE": "2017-12-25T00:00:00",
  "ITEM_DESC": null,
  "DIF_TRND": null,
  "DIF_PRICE": null,
  "DIF_HOL": null,
  "DIF_WK_DAY": null,
  "DIF_INT": null,
  "DIF_HRM": null,
  "DIF_DEMO": null,
  "DIF_COUPON": null,
  "UNIT_SALES": null,
  "UNIT_SALES_FC": 0,
  "REVENUE": null,
  "REVENUE_FC": 0,
  "UNIT_PRICE": 5.99,
  "REVENUE_FC_ADJ": 0,
  "UNIT_SALES_FC_ADJ": 0,
  "DIF_COUPON_ALL": 0
}, {
  "LOCATION_NUM": "148",
  "ITEM_NUM": "14368",
  "CALENDAR_DATE": "2018-01-01T00:00:00",
  "ITEM_DESC": null,
  "DIF_TRND": null,
  "DIF_PRICE": null,
  "DIF_HOL": null,
  "DIF_WK_DAY": null,
  "DIF_INT": null,
  "DIF_HRM": null,
  "DIF_DEMO": null,
  "DIF_COUPON": null,
  "UNIT_SALES": null,
  "UNIT_SALES_FC": 0,
  "REVENUE": null,
  "REVENUE_FC": 0,
  "UNIT_PRICE": 5.99,
  "REVENUE_FC_ADJ": 0,
  "UNIT_SALES_FC_ADJ": 0,
  "DIF_COUPON_ALL": 0
}, {
  "LOCATION_NUM": "148",
  "ITEM_NUM": "14368",
  "CALENDAR_DATE": "2018-01-11T00:00:00",
  "ITEM_DESC": null,
  "DIF_TRND": -0.045614694143171874,
  "DIF_PRICE": null,
  "DIF_HOL": null,
  "DIF_WK_DAY": -0.573945589968714,
  "DIF_INT": 8.351504984660759,
  "DIF_HRM": 2.306867966036293,
  "DIF_DEMO": null,
  "DIF_COUPON": null,
  "UNIT_SALES": null,
  "UNIT_SALES_FC": 10.038812666585166,
  "REVENUE": null,
  "REVENUE_FC": 60.13248787284515,
  "UNIT_PRICE": 5.99,
  "REVENUE_FC_ADJ": 0,
  "UNIT_SALES_FC_ADJ": 0,
  "DIF_COUPON_ALL": 0
}, {
  "LOCATION_NUM": "148",
  "ITEM_NUM": "14368",
  "CALENDAR_DATE": "2018-01-12T00:00:00",
  "ITEM_DESC": null,
  "DIF_TRND": -0.05321683448950054,
  "DIF_PRICE": null,
  "DIF_HOL": null,
  "DIF_WK_DAY": 2.0784593460400416,
  "DIF_INT": 8.351504984660759,
  "DIF_HRM": 2.3351873204401006,
  "DIF_DEMO": null,
  "DIF_COUPON": null,
  "UNIT_SALES": null,
  "UNIT_SALES_FC": 12.7119348166514,
  "REVENUE": null,
  "REVENUE_FC": 76.14448955174188,
  "UNIT_PRICE": 5.99,
  "REVENUE_FC_ADJ": 0,
  "UNIT_SALES_FC_ADJ": 0,
  "DIF_COUPON_ALL": 0
}, {
  "LOCATION_NUM": "148",
  "ITEM_NUM": "14368",
  "CALENDAR_DATE": "2018-01-13T00:00:00",
  "ITEM_DESC": null,
  "DIF_TRND": -0.06081888664490975,
  "DIF_PRICE": null,
  "DIF_HOL": null,
  "DIF_WK_DAY": 0.6612158204690601,
  "DIF_INT": 8.351504984660759,
  "DIF_HRM": 2.362553919286773,
  "DIF_DEMO": null,
  "DIF_COUPON": null,
  "UNIT_SALES": null,
  "UNIT_SALES_FC": 11.314455837771682,
  "REVENUE": null,
  "REVENUE_FC": 67.77359046825238,
  "UNIT_PRICE": 5.99,
  "REVENUE_FC_ADJ": 0,
  "UNIT_SALES_FC_ADJ": 0,
  "DIF_COUPON_ALL": 0
}, {
  "LOCATION_NUM": "148",
  "ITEM_NUM": "14368",
  "CALENDAR_DATE": "2018-01-14T00:00:00",
  "ITEM_DESC": null,
  "DIF_TRND": -0.06842085061049019,
  "DIF_PRICE": null,
  "DIF_HOL": null,
  "DIF_WK_DAY": 0.7785463950389904,
  "DIF_INT": 8.351504984660759,
  "DIF_HRM": 2.3889128499670615,
  "DIF_DEMO": null,
  "DIF_COUPON": null,
  "UNIT_SALES": null,
  "UNIT_SALES_FC": 11.45054337905632,
  "REVENUE": null,
  "REVENUE_FC": 68.58875484054737,
  "UNIT_PRICE": 5.99,
  "REVENUE_FC_ADJ": 0,
  "UNIT_SALES_FC_ADJ": 0,
  "DIF_COUPON_ALL": 0
}, {
  "LOCATION_NUM": "148",
  "ITEM_NUM": "14368",
  "CALENDAR_DATE": "2018-01-15T00:00:00",
  "ITEM_DESC": null,
  "DIF_TRND": -0.07602272638733432,
  "DIF_PRICE": null,
  "DIF_HOL": null,
  "DIF_WK_DAY": -0.47660569449207024,
  "DIF_INT": 8.351504984660759,
  "DIF_HRM": 2.414208953745108,
  "DIF_DEMO": null,
  "DIF_COUPON": null,
  "UNIT_SALES": null,
  "UNIT_SALES_FC": 10.213085517526462,
  "REVENUE": null,
  "REVENUE_FC": 61.17638224998351,
  "UNIT_PRICE": 5.99,
  "REVENUE_FC_ADJ": 0,
  "UNIT_SALES_FC_ADJ": 0,
  "DIF_COUPON_ALL": 0
}, {
  "LOCATION_NUM": "148",
  "ITEM_NUM": "14368",
  "CALENDAR_DATE": "2018-01-16T00:00:00",
  "ITEM_DESC": null,
  "DIF_TRND": -0.08362451397631432,
  "DIF_PRICE": null,
  "DIF_HOL": null,
  "DIF_WK_DAY": -1.1794074893282733,
  "DIF_INT": 8.351504984660759,
  "DIF_HRM": 2.4383869538246064,
  "DIF_DEMO": null,
  "DIF_COUPON": null,
  "UNIT_SALES": null,
  "UNIT_SALES_FC": 9.526859935180777,
  "REVENUE": null,
  "REVENUE_FC": 57.06589101173286,
  "UNIT_PRICE": 5.99,
  "REVENUE_FC_ADJ": 0,
  "UNIT_SALES_FC_ADJ": 0,
  "DIF_COUPON_ALL": 0
}, {
  "LOCATION_NUM": "148",
  "ITEM_NUM": "14368",
  "CALENDAR_DATE": "2018-01-17T00:00:00",
  "ITEM_DESC": null,
  "DIF_TRND": -0.09122621337852088,
  "DIF_PRICE": null,
  "DIF_HOL": null,
  "DIF_WK_DAY": -0.9345183464866764,
  "DIF_INT": 8.351504984660759,
  "DIF_HRM": 2.461391586235015,
  "DIF_DEMO": null,
  "DIF_COUPON": null,
  "UNIT_SALES": null,
  "UNIT_SALES_FC": 9.787152011030576,
  "REVENUE": null,
  "REVENUE_FC": 58.62504054607315,
  "UNIT_PRICE": 5.99,
  "REVENUE_FC_ADJ": 0,
  "UNIT_SALES_FC_ADJ": 0,
  "DIF_COUPON_ALL": 0
}, {
  "LOCATION_NUM": "148",
  "ITEM_NUM": "14368",
  "CALENDAR_DATE": "2018-01-18T00:00:00",
  "ITEM_DESC": null,
  "DIF_TRND": -0.09882782459504647,
  "DIF_PRICE": null,
  "DIF_HOL": null,
  "DIF_WK_DAY": -0.5806022036993514,
  "DIF_INT": 8.351504984660759,
  "DIF_HRM": 2.483167733209866,
  "DIF_DEMO": null,
  "DIF_COUPON": null,
  "UNIT_SALES": null,
  "UNIT_SALES_FC": 10.155242689576227,
  "REVENUE": null,
  "REVENUE_FC": 60.8299037105616,
  "UNIT_PRICE": 5.99,
  "REVENUE_FC_ADJ": 0,
  "UNIT_SALES_FC_ADJ": 0,
  "DIF_COUPON_ALL": 0
}, {
  "LOCATION_NUM": "148",
  "ITEM_NUM": "14368",
  "CALENDAR_DATE": "2018-01-19T00:00:00",
  "ITEM_DESC": null,
  "DIF_TRND": -0.10642934762676504,
  "DIF_PRICE": null,
  "DIF_HOL": null,
  "DIF_WK_DAY": 2.100988643452114,
  "DIF_INT": 8.351504984660759,
  "DIF_HRM": 2.5036605587187175,
  "DIF_DEMO": null,
  "DIF_COUPON": null,
  "UNIT_SALES": null,
  "UNIT_SALES_FC": 12.849724839204825,
  "REVENUE": null,
  "REVENUE_FC": 76.9698517868369,
  "UNIT_PRICE": 5.99,
  "REVENUE_FC_ADJ": 0,
  "UNIT_SALES_FC_ADJ": 0,
  "DIF_COUPON_ALL": 0
}, {
  "LOCATION_NUM": "148",
  "ITEM_NUM": "14368",
  "CALENDAR_DATE": "2018-01-20T00:00:00",
  "ITEM_DESC": null,
  "DIF_TRND": -0.11403078247483833,
  "DIF_PRICE": null,
  "DIF_HOL": null,
  "DIF_WK_DAY": 0.6678600940905728,
  "DIF_INT": 8.351504984660759,
  "DIF_HRM": 2.5228156458064674,
  "DIF_DEMO": null,
  "DIF_COUPON": null,
  "UNIT_SALES": null,
  "UNIT_SALES_FC": 11.42814994208296,
  "REVENUE": null,
  "REVENUE_FC": 68.45461815307694,
  "UNIT_PRICE": 5.99,
  "REVENUE_FC_ADJ": 0,
  "UNIT_SALES_FC_ADJ": 0,
  "DIF_COUPON_ALL": 0
}, {
  "LOCATION_NUM": "148",
  "ITEM_NUM": "14368",
  "CALENDAR_DATE": "2018-01-21T00:00:00",
  "ITEM_DESC": null,
  "DIF_TRND": -0.12163212914021493,
  "DIF_PRICE": null,
  "DIF_HOL": null,
  "DIF_WK_DAY": 0.7857289111886967,
  "DIF_INT": 8.351504984660759,
  "DIF_HRM": 2.5405791353862366,
  "DIF_DEMO": null,
  "DIF_COUPON": null,
  "UNIT_SALES": null,
  "UNIT_SALES_FC": 11.556180902095477,
  "REVENUE": null,
  "REVENUE_FC": 69.22152360355192,
  "UNIT_PRICE": 5.99,
  "REVENUE_FC_ADJ": 0,
  "UNIT_SALES_FC_ADJ": 0,
  "DIF_COUPON_ALL": 0
}, {
  "LOCATION_NUM": "148",
  "ITEM_NUM": "14368",
  "CALENDAR_DATE": "2018-01-22T00:00:00",
  "ITEM_DESC": null,
  "DIF_TRND": -0.12923338762398373,
  "DIF_PRICE": null,
  "DIF_HOL": null,
  "DIF_WK_DAY": -0.4805951309670906,
  "DIF_INT": 8.351504984660759,
  "DIF_HRM": 2.556897866124709,
  "DIF_DEMO": null,
  "DIF_COUPON": null,
  "UNIT_SALES": null,
  "UNIT_SALES_FC": 10.298574332194393,
  "REVENUE": null,
  "REVENUE_FC": 61.68846024984442,
  "UNIT_PRICE": 5.99,
  "REVENUE_FC_ADJ": 0,
  "UNIT_SALES_FC_ADJ": 0,
  "DIF_COUPON_ALL": 0
}, {
  "LOCATION_NUM": "148",
  "ITEM_NUM": "14368",
  "CALENDAR_DATE": "2018-01-23T00:00:00",
  "ITEM_DESC": null,
  "DIF_TRND": -0.13683455792709154,
  "DIF_PRICE": null,
  "DIF_HOL": null,
  "DIF_WK_DAY": -1.18823382377294,
  "DIF_INT": 8.351504984660759,
  "DIF_HRM": 2.571719515054445,
  "DIF_DEMO": null,
  "DIF_COUPON": null,
  "UNIT_SALES": null,
  "UNIT_SALES_FC": 9.598156118015172,
  "REVENUE": null,
  "REVENUE_FC": 57.49295514691088,
  "UNIT_PRICE": 5.99,
  "REVENUE_FC_ADJ": 0,
  "UNIT_SALES_FC_ADJ": 0,
  "DIF_COUPON_ALL": 0
}, {
  "LOCATION_NUM": "148",
  "ITEM_NUM": "14368",
  "CALENDAR_DATE": "2018-01-24T00:00:00",
  "ITEM_DESC": null,
  "DIF_TRND": -0.14443564005055798,
  "DIF_PRICE": null,
  "DIF_HOL": null,
  "DIF_WK_DAY": -0.9406538045685533,
  "DIF_INT": 8.351504984660759,
  "DIF_HRM": 2.584992738541507,
  "DIF_DEMO": null,
  "DIF_COUPON": null,
  "UNIT_SALES": null,
  "UNIT_SALES_FC": 9.851408278583154,
  "REVENUE": null,
  "REVENUE_FC": 59.0099355887131,
  "UNIT_PRICE": 5.99,
  "REVENUE_FC_ADJ": 0,
  "UNIT_SALES_FC_ADJ": 0,
  "DIF_COUPON_ALL": 0
}, {
  "LOCATION_NUM": "148",
  "ITEM_NUM": "14368",
  "CALENDAR_DATE": "2018-01-25T00:00:00",
  "ITEM_DESC": null,
  "DIF_TRND": -0.15203663399547374,
  "DIF_PRICE": null,
  "DIF_HOL": null,
  "DIF_WK_DAY": -0.5838627718833163,
  "DIF_INT": 8.351504984660759,
  "DIF_HRM": 2.5966673132342653,
  "DIF_DEMO": null,
  "DIF_COUPON": null,
  "UNIT_SALES": null,
  "UNIT_SALES_FC": 10.212272892016234,
  "REVENUE": null,
  "REVENUE_FC": 61.171514623177245,
  "UNIT_PRICE": 5.99,
  "REVENUE_FC_ADJ": 0,
  "UNIT_SALES_FC_ADJ": 0,
  "DIF_COUPON_ALL": 0
}, {
  "LOCATION_NUM": "148",
  "ITEM_NUM": "14368",
  "CALENDAR_DATE": "2018-01-26T00:00:00",
  "ITEM_DESC": null,
  "DIF_TRND": -0.15963753976285666,
  "DIF_PRICE": null,
  "DIF_HOL": null,
  "DIF_WK_DAY": 2.11072772922652,
  "DIF_INT": 8.351504984660759,
  "DIF_HRM": 2.6066942766153396,
  "DIF_DEMO": null,
  "DIF_COUPON": null,
  "UNIT_SALES": null,
  "UNIT_SALES_FC": 12.909289450739761,
  "REVENUE": null,
  "REVENUE_FC": 77.32664380993117,
  "UNIT_PRICE": 5.99,
  "REVENUE_FC_ADJ": 0,
  "UNIT_SALES_FC_ADJ": 0,
  "DIF_COUPON_ALL": 0
}, {
  "LOCATION_NUM": "148",
  "ITEM_NUM": "14368",
  "CALENDAR_DATE": "2018-01-27T00:00:00",
  "ITEM_DESC": null,
  "DIF_TRND": -0.16723835735365356,
  "DIF_PRICE": null,
  "DIF_HOL": null,
  "DIF_WK_DAY": 0.6702808880310069,
  "DIF_INT": 8.351504984660759,
  "DIF_HRM": 2.615026066778089,
  "DIF_DEMO": null,
  "DIF_COUPON": null,
  "UNIT_SALES": null,
  "UNIT_SALES_FC": 11.469573582116201,
  "REVENUE": null,
  "REVENUE_FC": 68.70274575687604,
  "UNIT_PRICE": 5.99,
  "REVENUE_FC_ADJ": 0,
  "UNIT_SALES_FC_ADJ": 0,
  "DIF_COUPON_ALL": 0
}, {
  "LOCATION_NUM": "148",
  "ITEM_NUM": "14368",
  "CALENDAR_DATE": "2018-01-28T00:00:00",
  "ITEM_DESC": null,
  "DIF_TRND": -0.1748390867689551,
  "DIF_PRICE": null,
  "DIF_HOL": null,
  "DIF_WK_DAY": 0.7877592142750203,
  "DIF_INT": 8.351504984660759,
  "DIF_HRM": 2.62161666104784,
  "DIF_DEMO": null,
  "DIF_COUPON": null,
  "UNIT_SALES": null,
  "UNIT_SALES_FC": 11.586041773214664,
  "REVENUE": null,
  "REVENUE_FC": 69.40039022155584,
  "UNIT_PRICE": 5.99,
  "REVENUE_FC_ADJ": 0,
  "UNIT_SALES_FC_ADJ": 0,
  "DIF_COUPON_ALL": 0
}, {
  "LOCATION_NUM": "148",
  "ITEM_NUM": "14368",
  "CALENDAR_DATE": "2018-01-29T00:00:00",
  "ITEM_DESC": null,
  "DIF_TRND": -0.18243972800978092,
  "DIF_PRICE": null,
  "DIF_HOL": null,
  "DIF_WK_DAY": -0.481322655868496,
  "DIF_INT": 8.351504984660759,
  "DIF_HRM": 2.626421713067719,
  "DIF_DEMO": null,
  "DIF_COUPON": null,
  "UNIT_SALES": null,
  "UNIT_SALES_FC": 10.3141643138502,
  "REVENUE": null,
  "REVENUE_FC": 61.7818442399627,
  "UNIT_PRICE": 5.99,
  "REVENUE_FC_ADJ": 0,
  "UNIT_SALES_FC_ADJ": 0,
  "DIF_COUPON_ALL": 0
}, {
  "LOCATION_NUM": "148",
  "ITEM_NUM": "14368",
  "CALENDAR_DATE": "2018-01-30T00:00:00",
  "ITEM_DESC": null,
  "DIF_TRND": -0.19004028107715065,
  "DIF_PRICE": null,
  "DIF_HOL": null,
  "DIF_WK_DAY": -1.1887266211176577,
  "DIF_INT": 8.351504984660759,
  "DIF_HRM": 2.629398687971758,
  "DIF_DEMO": null,
  "DIF_COUPON": null,
  "UNIT_SALES": null,
  "UNIT_SALES_FC": 9.602136770437708,
  "REVENUE": null,
  "REVENUE_FC": 57.51679925492187,
  "UNIT_PRICE": 5.99,
  "REVENUE_FC_ADJ": 0,
  "UNIT_SALES_FC_ADJ": 0,
  "DIF_COUPON_ALL": 0
}, {
  "LOCATION_NUM": "148",
  "ITEM_NUM": "14368",
  "CALENDAR_DATE": "2018-01-31T00:00:00",
  "ITEM_DESC": null,
  "DIF_TRND": -0.19764074597200576,
  "DIF_PRICE": null,
  "DIF_HOL": null,
  "DIF_WK_DAY": -0.9399834575579948,
  "DIF_INT": 8.351504984660759,
  "DIF_HRM": 2.630506995268439,
  "DIF_DEMO": null,
  "DIF_COUPON": null,
  "UNIT_SALES": null,
  "UNIT_SALES_FC": 9.844387776399197,
  "REVENUE": null,
  "REVENUE_FC": 58.96788278063119,
  "UNIT_PRICE": 5.99,
  "REVENUE_FC_ADJ": 0,
  "UNIT_SALES_FC_ADJ": 0,
  "DIF_COUPON_ALL": 0
}, {
  "LOCATION_NUM": "148",
  "ITEM_NUM": "14368",
  "CALENDAR_DATE": "2018-02-01T00:00:00",
  "ITEM_DESC": null,
  "DIF_TRND": -0.20524112269544226,
  "DIF_PRICE": null,
  "DIF_HOL": null,
  "DIF_WK_DAY": -0.5827723054294953,
  "DIF_INT": 8.351504984660759,
  "DIF_HRM": 2.6297081190633023,
  "DIF_DEMO": null,
  "DIF_COUPON": null,
  "UNIT_SALES": null,
  "UNIT_SALES_FC": 10.193199675599123,
  "REVENUE": null,
  "REVENUE_FC": 61.05726605683875,
  "UNIT_PRICE": 5.99,
  "REVENUE_FC_ADJ": 0,
  "UNIT_SALES_FC_ADJ": 0,
  "DIF_COUPON_ALL": 0
}, {
  "LOCATION_NUM": "148",
  "ITEM_NUM": "14368",
  "CALENDAR_DATE": "2018-02-02T00:00:00",
  "ITEM_DESC": null,
  "DIF_TRND": -0.21284141124854905,
  "DIF_PRICE": null,
  "DIF_HOL": null,
  "DIF_WK_DAY": 2.104290637169589,
  "DIF_INT": 8.351504984660759,
  "DIF_HRM": 2.6269657452518462,
  "DIF_DEMO": null,
  "DIF_COUPON": null,
  "UNIT_SALES": null,
  "UNIT_SALES_FC": 12.869919955833645,
  "REVENUE": null,
  "REVENUE_FC": 77.09082053544353,
  "UNIT_PRICE": 5.99,
  "REVENUE_FC_ADJ": 0,
  "UNIT_SALES_FC_ADJ": 0,
  "DIF_COUPON_ALL": 0
}, {
  "LOCATION_NUM": "148",
  "ITEM_NUM": "14368",
  "CALENDAR_DATE": "2018-02-03T00:00:00",
  "ITEM_DESC": null,
  "DIF_TRND": -0.2204416116322001,
  "DIF_PRICE": null,
  "DIF_HOL": null,
  "DIF_WK_DAY": 0.6674268290649739,
  "DIF_INT": 8.351504984660759,
  "DIF_HRM": 2.622245885319849,
  "DIF_DEMO": null,
  "DIF_COUPON": null,
  "UNIT_SALES": null,
  "UNIT_SALES_FC": 11.420736087413381,
  "REVENUE": null,
  "REVENUE_FC": 68.41020916360615,
  "UNIT_PRICE": 5.99,
  "REVENUE_FC_ADJ": 0,
  "UNIT_SALES_FC_ADJ": 0,
  "DIF_COUPON_ALL": 0
}, {
  "LOCATION_NUM": "148",
  "ITEM_NUM": "14368",
  "CALENDAR_DATE": "2018-02-04T00:00:00",
  "ITEM_DESC": null,
  "DIF_TRND": -0.22804172384755894,
  "DIF_PRICE": null,
  "DIF_HOL": null,
  "DIF_WK_DAY": 0.7834329768052442,
  "DIF_INT": 8.351504984660759,
  "DIF_HRM": 2.615516996396222,
  "DIF_DEMO": null,
  "DIF_COUPON": null,
  "UNIT_SALES": null,
  "UNIT_SALES_FC": 11.522413234014666,
  "REVENUE": null,
  "REVENUE_FC": 69.01925527174785,
  "UNIT_PRICE": 5.99,
  "REVENUE_FC_ADJ": 0,
  "UNIT_SALES_FC_ADJ": 0,
  "DIF_COUPON_ALL": 0
}, {
  "LOCATION_NUM": "148",
  "ITEM_NUM": "14368",
  "CALENDAR_DATE": "2018-02-05T00:00:00",
  "ITEM_DESC": null,
  "DIF_TRND": -0.23564174789557413,
  "DIF_PRICE": null,
  "DIF_HOL": null,
  "DIF_WK_DAY": -0.47807354519858514,
  "DIF_INT": 8.351504984660759,
  "DIF_HRM": 2.606750097207234,
  "DIF_DEMO": null,
  "DIF_COUPON": null,
  "UNIT_SALES": null,
  "UNIT_SALES_FC": 10.244539788773833,
  "REVENUE": null,
  "REVENUE_FC": 61.36479333475526,
  "UNIT_PRICE": 5.99,
  "REVENUE_FC_ADJ": 0,
  "UNIT_SALES_FC_ADJ": 0,
  "DIF_COUPON_ALL": 0
}, {
  "LOCATION_NUM": "148",
  "ITEM_NUM": "14368",
  "CALENDAR_DATE": "2018-02-06T00:00:00",
  "ITEM_DESC": null,
  "DIF_TRND": -0.24324168377725996,
  "DIF_PRICE": null,
  "DIF_HOL": null,
  "DIF_WK_DAY": -1.1791777778582642,
  "DIF_INT": 8.351504984660759,
  "DIF_HRM": 2.5959188795935724,
  "DIF_DEMO": null,
  "DIF_COUPON": null,
  "UNIT_SALES": null,
  "UNIT_SALES_FC": 9.525004402618807,
  "REVENUE": null,
  "REVENUE_FC": 57.05477637168666,
  "UNIT_PRICE": 5.99,
  "REVENUE_FC_ADJ": 0,
  "UNIT_SALES_FC_ADJ": 0,
  "DIF_COUPON_ALL": 0
}, {
  "LOCATION_NUM": "148",
  "ITEM_NUM": "14368",
  "CALENDAR_DATE": "2018-02-07T00:00:00",
  "ITEM_DESC": null,
  "DIF_TRND": -0.2508415314936361,
  "DIF_PRICE": null,
  "DIF_HOL": null,
  "DIF_WK_DAY": -0.9312055863598445,
  "DIF_INT": 8.351504984660759,
  "DIF_HRM": 2.5829998152577307,
  "DIF_DEMO": null,
  "DIF_COUPON": null,
  "UNIT_SALES": null,
  "UNIT_SALES_FC": 9.752457682065009,
  "REVENUE": null,
  "REVENUE_FC": 58.4172215155694,
  "UNIT_PRICE": 5.99,
  "REVENUE_FC_ADJ": 0,
  "UNIT_SALES_FC_ADJ": 0,
  "DIF_COUPON_ALL": 0
}, {
  "LOCATION_NUM": "148",
  "ITEM_NUM": "14368",
  "CALENDAR_DATE": "2018-02-08T00:00:00",
  "ITEM_DESC": null,
  "DIF_TRND": -0.2584412910457967,
  "DIF_PRICE": null,
  "DIF_HOL": null,
  "DIF_WK_DAY": -0.5765564823655929,
  "DIF_INT": 8.351504984660759,
  "DIF_HRM": 2.5679722574211734,
  "DIF_DEMO": null,
  "DIF_COUPON": null,
  "UNIT_SALES": null,
  "UNIT_SALES_FC": 10.084479468670542,
  "REVENUE": null,
  "REVENUE_FC": 60.40603201733655,
  "UNIT_PRICE": 5.99,
  "REVENUE_FC_ADJ": 0,
  "UNIT_SALES_FC_ADJ": 0,
  "DIF_COUPON_ALL": 0
}, {
  "LOCATION_NUM": "148",
  "ITEM_NUM": "14368",
  "CALENDAR_DATE": "2018-02-09T00:00:00",
  "ITEM_DESC": null,
  "DIF_TRND": -0.2660409624346869,
  "DIF_PRICE": null,
  "DIF_HOL": null,
  "DIF_WK_DAY": 2.0790080302167464,
  "DIF_INT": 8.351504984660759,
  "DIF_HRM": 2.5508185370806853,
  "DIF_DEMO": null,
  "DIF_COUPON": null,
  "UNIT_SALES": null,
  "UNIT_SALES_FC": 12.715290589523503,
  "REVENUE": null,
  "REVENUE_FC": 76.16459063124579,
  "UNIT_PRICE": 5.99,
  "REVENUE_FC_ADJ": 0,
  "UNIT_SALES_FC_ADJ": 0,
  "DIF_COUPON_ALL": 0
}, {
  "LOCATION_NUM": "148",
  "ITEM_NUM": "14368",
  "CALENDAR_DATE": "2018-02-10T00:00:00",
  "ITEM_DESC": null,
  "DIF_TRND": -0.2736405456613973,
  "DIF_PRICE": null,
  "DIF_HOL": null,
  "DIF_WK_DAY": 0.6584940830576329,
  "DIF_INT": 8.351504984660759,
  "DIF_HRM": 2.5315240535659367,
  "DIF_DEMO": null,
  "DIF_COUPON": null,
  "UNIT_SALES": null,
  "UNIT_SALES_FC": 11.26788257562293,
  "REVENUE": null,
  "REVENUE_FC": 67.49461662798136,
  "UNIT_PRICE": 5.99,
  "REVENUE_FC_ADJ": 0,
  "UNIT_SALES_FC_ADJ": 0,
  "DIF_COUPON_ALL": 0
}, {
  "LOCATION_NUM": "148",
  "ITEM_NUM": "14368",
  "CALENDAR_DATE": "2018-02-11T00:00:00",
  "ITEM_DESC": null,
  "DIF_TRND": -0.28124004072687114,
  "DIF_PRICE": null,
  "DIF_HOL": null,
  "DIF_WK_DAY": 0.7718599780952804,
  "DIF_INT": 8.351504984660759,
  "DIF_HRM": 2.51007735911406,
  "DIF_DEMO": null,
  "DIF_COUPON": null,
  "UNIT_SALES": null,
  "UNIT_SALES_FC": 11.352202281143228,
  "REVENUE": null,
  "REVENUE_FC": 67.99969166404794,
  "UNIT_PRICE": 5.99,
  "REVENUE_FC_ADJ": 0,
  "UNIT_SALES_FC_ADJ": 0,
  "DIF_COUPON_ALL": 0
}, {
  "LOCATION_NUM": "148",
  "ITEM_NUM": "14368",
  "CALENDAR_DATE": "2018-02-12T00:00:00",
  "ITEM_DESC": null,
  "DIF_TRND": -0.2888394476322045,
  "DIF_PRICE": null,
  "DIF_HOL": null,
  "DIF_WK_DAY": -0.47033895388003266,
  "DIF_INT": 8.351504984660759,
  "DIF_HRM": 2.4864702371874845,
  "DIF_DEMO": null,
  "DIF_COUPON": null,
  "UNIT_SALES": null,
  "UNIT_SALES_FC": 10.078796820336006,
  "REVENUE": null,
  "REVENUE_FC": 60.37199295381268,
  "UNIT_PRICE": 5.99,
  "REVENUE_FC_ADJ": 0,
  "UNIT_SALES_FC_ADJ": 0,
  "DIF_COUPON_ALL": 0
}, {
  "LOCATION_NUM": "148",
  "ITEM_NUM": "14368",
  "CALENDAR_DATE": "2018-02-13T00:00:00",
  "ITEM_DESC": null,
  "DIF_TRND": -0.29643876637833877,
  "DIF_PRICE": null,
  "DIF_HOL": null,
  "DIF_WK_DAY": -1.1584215410540164,
  "DIF_INT": 8.351504984660759,
  "DIF_HRM": 2.4606977742795664,
  "DIF_DEMO": null,
  "DIF_COUPON": null,
  "UNIT_SALES": null,
  "UNIT_SALES_FC": 9.35734245150797,
  "REVENUE": null,
  "REVENUE_FC": 56.050481284532744,
  "UNIT_PRICE": 5.99,
  "REVENUE_FC_ADJ": 0,
  "UNIT_SALES_FC_ADJ": 0,
  "DIF_COUPON_ALL": 0
}, {
  "LOCATION_NUM": "148",
  "ITEM_NUM": "14368",
  "CALENDAR_DATE": "2018-02-14T00:00:00",
  "ITEM_DESC": null,
  "DIF_TRND": -0.30403799696637,
  "DIF_PRICE": null,
  "DIF_HOL": null,
  "DIF_WK_DAY": -0.9134736096954317,
  "DIF_INT": 8.351504984660759,
  "DIF_HRM": 2.4327584249646943,
  "DIF_DEMO": null,
  "DIF_COUPON": null,
  "UNIT_SALES": null,
  "UNIT_SALES_FC": 9.566751802963651,
  "REVENUE": null,
  "REVENUE_FC": 57.30484329975227,
  "UNIT_PRICE": 5.99,
  "REVENUE_FC_ADJ": 0,
  "UNIT_SALES_FC_ADJ": 0,
  "DIF_COUPON_ALL": 0
}, {
  "LOCATION_NUM": "148",
  "ITEM_NUM": "14368",
  "CALENDAR_DATE": "2018-02-15T00:00:00",
  "ITEM_DESC": null,
  "DIF_TRND": -0.3116371393973143,
  "DIF_PRICE": null,
  "DIF_HOL": null,
  "DIF_WK_DAY": -0.5647390863442254,
  "DIF_INT": 8.351504984660759,
  "DIF_HRM": 2.402654069967367,
  "DIF_DEMO": null,
  "DIF_COUPON": null,
  "UNIT_SALES": null,
  "UNIT_SALES_FC": 9.877782828886586,
  "REVENUE": null,
  "REVENUE_FC": 59.16791914503065,
  "UNIT_PRICE": 5.99,
  "REVENUE_FC_ADJ": 0,
  "UNIT_SALES_FC_ADJ": 0,
  "DIF_COUPON_ALL": 0
}, {
  "LOCATION_NUM": "148",
  "ITEM_NUM": "14368",
  "CALENDAR_DATE": "2018-02-16T00:00:00",
  "ITEM_DESC": null,
  "DIF_TRND": -0.31923619367218947,
  "DIF_PRICE": null,
  "DIF_HOL": null,
  "DIF_WK_DAY": 2.0333430576758182,
  "DIF_INT": 8.351504984660759,
  "DIF_HRM": 2.3703900670390485,
  "DIF_DEMO": null,
  "DIF_COUPON": null,
  "UNIT_SALES": null,
  "UNIT_SALES_FC": 12.436001915703436,
  "REVENUE": null,
  "REVENUE_FC": 74.49165147506358,
  "UNIT_PRICE": 5.99,
  "REVENUE_FC_ADJ": 0,
  "UNIT_SALES_FC_ADJ": 0,
  "DIF_COUPON_ALL": 0
}, {
  "LOCATION_NUM": "148",
  "ITEM_NUM": "14368",
  "CALENDAR_DATE": "2018-02-17T00:00:00",
  "ITEM_DESC": null,
  "DIF_TRND": -0.32683515979194233,
  "DIF_PRICE": null,
  "DIF_HOL": null,
  "DIF_WK_DAY": 0.6430553007380162,
  "DIF_INT": 8.351504984660759,
  "DIF_HRM": 2.335975294452494,
  "DIF_DEMO": null,
  "DIF_COUPON": null,
  "UNIT_SALES": null,
  "UNIT_SALES_FC": 11.003700420059326,
  "REVENUE": null,
  "REVENUE_FC": 65.91216551615537,
  "UNIT_PRICE": 5.99,
  "REVENUE_FC_ADJ": 0,
  "UNIT_SALES_FC_ADJ": 0,
  "DIF_COUPON_ALL": 0
}, {
  "LOCATION_NUM": "148",
  "ITEM_NUM": "14368",
  "CALENDAR_DATE": "2018-02-18T00:00:00",
  "ITEM_DESC": null,
  "DIF_TRND": -0.3344340377577364,
  "DIF_PRICE": null,
  "DIF_HOL": null,
  "DIF_WK_DAY": 0.7526115825204069,
  "DIF_INT": 8.351504984660759,
  "DIF_HRM": 2.299422186935246,
  "DIF_DEMO": null,
  "DIF_COUPON": null,
  "UNIT_SALES": null,
  "UNIT_SALES_FC": 11.069104716358675,
  "REVENUE": null,
  "REVENUE_FC": 66.30393725098847,
  "UNIT_PRICE": 5.99,
  "REVENUE_FC_ADJ": 0,
  "UNIT_SALES_FC_ADJ": 0,
  "DIF_COUPON_ALL": 0
}, {
  "LOCATION_NUM": "148",
  "ITEM_NUM": "14368",
  "CALENDAR_DATE": "2018-02-19T00:00:00",
  "ITEM_DESC": null,
  "DIF_TRND": -0.3420328275704474,
  "DIF_PRICE": null,
  "DIF_HOL": null,
  "DIF_WK_DAY": -0.45790329433606125,
  "DIF_INT": 8.351504984660759,
  "DIF_HRM": 2.2607467638881182,
  "DIF_DEMO": null,
  "DIF_COUPON": null,
  "UNIT_SALES": null,
  "UNIT_SALES_FC": 9.812315626642368,
  "REVENUE": null,
  "REVENUE_FC": 58.77577060358779,
  "UNIT_PRICE": 5.99,
  "REVENUE_FC_ADJ": 0,
  "UNIT_SALES_FC_ADJ": 0,
  "DIF_COUPON_ALL": 0
}, {
  "LOCATION_NUM": "148",
  "ITEM_NUM": "14368",
  "CALENDAR_DATE": "2018-02-20T00:00:00",
  "ITEM_DESC": null,
  "DIF_TRND": -0.3496315292312353,
  "DIF_PRICE": null,
  "DIF_HOL": null,
  "DIF_WK_DAY": -1.126042966756149,
  "DIF_INT": 8.351504984660759,
  "DIF_HRM": 2.219968649749214,
  "DIF_DEMO": null,
  "DIF_COUPON": null,
  "UNIT_SALES": null,
  "UNIT_SALES_FC": 9.095799138422588,
  "REVENUE": null,
  "REVENUE_FC": 54.48383683915131,
  "UNIT_PRICE": 5.99,
  "REVENUE_FC_ADJ": 0,
  "UNIT_SALES_FC_ADJ": 0,
  "DIF_COUPON_ALL": 0
}, {
  "LOCATION_NUM": "148",
  "ITEM_NUM": "14368",
  "CALENDAR_DATE": "2018-02-21T00:00:00",
  "ITEM_DESC": null,
  "DIF_TRND": -0.35723014274097675,
  "DIF_PRICE": null,
  "DIF_HOL": null,
  "DIF_WK_DAY": -0.8865546544744003,
  "DIF_INT": 8.351504984660759,
  "DIF_HRM": 2.177111086384893,
  "DIF_DEMO": null,
  "DIF_COUPON": null,
  "UNIT_SALES": null,
  "UNIT_SALES_FC": 9.284831273830275,
  "REVENUE": null,
  "REVENUE_FC": 55.61613933024335,
  "UNIT_PRICE": 5.99,
  "REVENUE_FC_ADJ": 0,
  "UNIT_SALES_FC_ADJ": 0,
  "DIF_COUPON_ALL": 0
}, {
  "LOCATION_NUM": "148",
  "ITEM_NUM": "14368",
  "CALENDAR_DATE": "2018-02-22T00:00:00",
  "ITEM_DESC": null,
  "DIF_TRND": -0.36482866810083525,
  "DIF_PRICE": null,
  "DIF_HOL": null,
  "DIF_WK_DAY": -0.5472361505797334,
  "DIF_INT": 8.351504984660759,
  "DIF_HRM": 2.1322009374083644,
  "DIF_DEMO": null,
  "DIF_COUPON": null,
  "UNIT_SALES": null,
  "UNIT_SALES_FC": 9.571641103388554,
  "REVENUE": null,
  "REVENUE_FC": 57.33413020929744,
  "UNIT_PRICE": 5.99,
  "REVENUE_FC_ADJ": 0,
  "UNIT_SALES_FC_ADJ": 0,
  "DIF_COUPON_ALL": 0
}, {
  "LOCATION_NUM": "148",
  "ITEM_NUM": "14368",
  "CALENDAR_DATE": "2018-02-23T00:00:00",
  "ITEM_DESC": null,
  "DIF_TRND": -0.37242710531175494,
  "DIF_PRICE": null,
  "DIF_HOL": null,
  "DIF_WK_DAY": 1.9672152566590295,
  "DIF_INT": 8.351504984660759,
  "DIF_HRM": 2.0852686843452295,
  "DIF_DEMO": null,
  "DIF_COUPON": null,
  "UNIT_SALES": null,
  "UNIT_SALES_FC": 12.031561820353263,
  "REVENUE": null,
  "REVENUE_FC": 72.06905530391604,
  "UNIT_PRICE": 5.99,
  "REVENUE_FC_ADJ": 0,
  "UNIT_SALES_FC_ADJ": 0,
  "DIF_COUPON_ALL": 0
}, {
  "LOCATION_NUM": "148",
  "ITEM_NUM": "14368",
  "CALENDAR_DATE": "2018-02-24T00:00:00",
  "ITEM_DESC": null,
  "DIF_TRND": -0.38002545437475543,
  "DIF_PRICE": null,
  "DIF_HOL": null,
  "DIF_WK_DAY": 0.6211569583465923,
  "DIF_INT": 8.351504984660759,
  "DIF_HRM": 2.0363484145892903,
  "DIF_DEMO": null,
  "DIF_COUPON": null,
  "UNIT_SALES": null,
  "UNIT_SALES_FC": 10.628984903221886,
  "REVENUE": null,
  "REVENUE_FC": 63.667619570299095,
  "UNIT_PRICE": 5.99,
  "REVENUE_FC_ADJ": 0,
  "UNIT_SALES_FC_ADJ": 0,
  "DIF_COUPON_ALL": 0
}, {
  "LOCATION_NUM": "148",
  "ITEM_NUM": "14368",
  "CALENDAR_DATE": "2018-02-25T00:00:00",
  "ITEM_DESC": null,
  "DIF_TRND": -0.3876237152908564,
  "DIF_PRICE": null,
  "DIF_HOL": null,
  "DIF_WK_DAY": 0.7258283195608364,
  "DIF_INT": 8.351504984660759,
  "DIF_HRM": 1.9854778011061436,
  "DIF_DEMO": null,
  "DIF_COUPON": null,
  "UNIT_SALES": null,
  "UNIT_SALES_FC": 10.675187390036882,
  "REVENUE": null,
  "REVENUE_FC": 63.94437246632093,
  "UNIT_PRICE": 5.99,
  "REVENUE_FC_ADJ": 0,
  "UNIT_SALES_FC_ADJ": 0,
  "DIF_COUPON_ALL": 0
}, {
  "LOCATION_NUM": "148",
  "ITEM_NUM": "14368",
  "CALENDAR_DATE": "2018-02-26T00:00:00",
  "ITEM_DESC": null,
  "DIF_TRND": -0.39522188806114666,
  "DIF_PRICE": null,
  "DIF_HOL": null,
  "DIF_WK_DAY": -0.4409056019570574,
  "DIF_INT": 8.351504984660759,
  "DIF_HRM": 1.9326980738687682,
  "DIF_DEMO": null,
  "DIF_COUPON": null,
  "UNIT_SALES": null,
  "UNIT_SALES_FC": 9.448075568511323,
  "REVENUE": null,
  "REVENUE_FC": 56.59397265538283,
  "UNIT_PRICE": 5.99,
  "REVENUE_FC_ADJ": 0,
  "UNIT_SALES_FC_ADJ": 0,
  "DIF_COUPON_ALL": 0
}, {
  "LOCATION_NUM": "148",
  "ITEM_NUM": "14368",
  "CALENDAR_DATE": "2018-02-27T00:00:00",
  "ITEM_DESC": null,
  "DIF_TRND": -0.40281997268657577,
  "DIF_PRICE": null,
  "DIF_HOL": null,
  "DIF_WK_DAY": -1.0825182210418482,
  "DIF_INT": 8.351504984660759,
  "DIF_HRM": 1.8780539830263567,
  "DIF_DEMO": null,
  "DIF_COUPON": null,
  "UNIT_SALES": null,
  "UNIT_SALES_FC": 8.744220773958691,
  "REVENUE": null,
  "REVENUE_FC": 52.37788243601256,
  "UNIT_PRICE": 5.99,
  "REVENUE_FC_ADJ": 0,
  "UNIT_SALES_FC_ADJ": 0,
  "DIF_COUPON_ALL": 0
}, {
  "LOCATION_NUM": "148",
  "ITEM_NUM": "14368",
  "CALENDAR_DATE": "2018-02-28T00:00:00",
  "ITEM_DESC": null,
  "DIF_TRND": -0.4104179691682317,
  "DIF_PRICE": null,
  "DIF_HOL": null,
  "DIF_WK_DAY": -0.8509312435098035,
  "DIF_INT": 8.351504984660759,
  "DIF_HRM": 1.82159375382978,
  "DIF_DEMO": null,
  "DIF_COUPON": null,
  "UNIT_SALES": null,
  "UNIT_SALES_FC": 8.911749525812503,
  "REVENUE": null,
  "REVENUE_FC": 53.3813796596169,
  "UNIT_PRICE": 5.99,
  "REVENUE_FC_ADJ": 0,
  "UNIT_SALES_FC_ADJ": 0,
  "DIF_COUPON_ALL": 0
}, {
  "LOCATION_NUM": "148",
  "ITEM_NUM": "14368",
  "CALENDAR_DATE": "2018-03-01T00:00:00",
  "ITEM_DESC": null,
  "DIF_TRND": -0.41801587750706215,
  "DIF_PRICE": null,
  "DIF_HOL": null,
  "DIF_WK_DAY": -0.5244130537753318,
  "DIF_INT": 8.351504984660759,
  "DIF_HRM": 1.7633690333577983,
  "DIF_DEMO": null,
  "DIF_COUPON": null,
  "UNIT_SALES": null,
  "UNIT_SALES_FC": 9.172445086736163,
  "REVENUE": null,
  "REVENUE_FC": 54.94294606954962,
  "UNIT_PRICE": 5.99,
  "REVENUE_FC_ADJ": 0,
  "UNIT_SALES_FC_ADJ": 0,
  "DIF_COUPON_ALL": 0
}, {
  "LOCATION_NUM": "148",
  "ITEM_NUM": "14368",
  "CALENDAR_DATE": "2017-09-05T00:00:00",
  "ITEM_DESC": "COUNTRY FRENCH 2 PACK",
  "DIF_TRND": -0.05225050744907378,
  "DIF_PRICE": null,
  "DIF_HOL": null,
  "DIF_WK_DAY": -0.6129878441328431,
  "DIF_INT": 8.647582371968241,
  "DIF_HRM": -1.135125057432239,
  "DIF_DEMO": null,
  "DIF_COUPON": null,
  "UNIT_SALES": 12,
  "UNIT_SALES_FC": 6.847218962954085,
  "REVENUE": 71.88,
  "REVENUE_FC": 41.014841588094974,
  "UNIT_PRICE": 5.99,
  "REVENUE_FC_ADJ": 41.014841588094974,
  "UNIT_SALES_FC_ADJ": 6.847218962954085,
  "DIF_COUPON_ALL": 0
}, {
  "LOCATION_NUM": "148",
  "ITEM_NUM": "14368",
  "CALENDAR_DATE": "2017-09-06T00:00:00",
  "ITEM_DESC": "COUNTRY FRENCH 2 PACK",
  "DIF_TRND": -0.060958510116083886,
  "DIF_PRICE": null,
  "DIF_HOL": null,
  "DIF_WK_DAY": -0.6556988367854686,
  "DIF_INT": 8.647582371968241,
  "DIF_HRM": -1.1711734620052496,
  "DIF_DEMO": null,
  "DIF_COUPON": null,
  "UNIT_SALES": 12,
  "UNIT_SALES_FC": 6.759751563061439,
  "REVENUE": 71.88,
  "REVENUE_FC": 40.490911862738024,
  "UNIT_PRICE": 5.99,
  "REVENUE_FC_ADJ": 40.490911862738024,
  "UNIT_SALES_FC_ADJ": 6.759751563061439,
  "DIF_COUPON_ALL": 0
}, {
  "LOCATION_NUM": "148",
  "ITEM_NUM": "14368",
  "CALENDAR_DATE": "2017-09-07T00:00:00",
  "ITEM_DESC": "COUNTRY FRENCH 2 PACK",
  "DIF_TRND": -0.0696663941470792,
  "DIF_PRICE": null,
  "DIF_HOL": null,
  "DIF_WK_DAY": -0.4904490292818906,
  "DIF_INT": 8.647582371968241,
  "DIF_HRM": -1.2062330521532587,
  "DIF_DEMO": null,
  "DIF_COUPON": null,
  "UNIT_SALES": 7,
  "UNIT_SALES_FC": 6.8812338963860125,
  "REVENUE": 41.93,
  "REVENUE_FC": 41.21859103935222,
  "UNIT_PRICE": 5.99,
  "REVENUE_FC_ADJ": 41.21859103935222,
  "UNIT_SALES_FC_ADJ": 6.8812338963860125,
  "DIF_COUPON_ALL": 0
}, {
  "LOCATION_NUM": "148",
  "ITEM_NUM": "14368",
  "CALENDAR_DATE": "2017-09-08T00:00:00",
  "ITEM_DESC": "COUNTRY FRENCH 2 PACK",
  "DIF_TRND": -0.0783741595436922,
  "DIF_PRICE": null,
  "DIF_HOL": null,
  "DIF_WK_DAY": 1.2250809995286405,
  "DIF_INT": 8.647582371968241,
  "DIF_HRM": -1.2402554300015067,
  "DIF_DEMO": null,
  "DIF_COUPON": null,
  "UNIT_SALES": 5,
  "UNIT_SALES_FC": 8.554033781951683,
  "REVENUE": 29.950000000000003,
  "REVENUE_FC": 51.23866235389058,
  "UNIT_PRICE": 5.99,
  "REVENUE_FC_ADJ": 51.23866235389058,
  "UNIT_SALES_FC_ADJ": 8.554033781951683,
  "DIF_COUPON_ALL": 0
}, {
  "LOCATION_NUM": "148",
  "ITEM_NUM": "14368",
  "CALENDAR_DATE": "2017-09-09T00:00:00",
  "ITEM_DESC": "COUNTRY FRENCH 2 PACK",
  "DIF_TRND": -0.08708180630748608,
  "DIF_PRICE": null,
  "DIF_HOL": null,
  "DIF_WK_DAY": 0.28755195300402114,
  "DIF_INT": 8.647582371968241,
  "DIF_HRM": -1.273194567293622,
  "DIF_DEMO": null,
  "DIF_COUPON": null,
  "UNIT_SALES": 14,
  "UNIT_SALES_FC": 7.574857951371154,
  "REVENUE": 83.86,
  "REVENUE_FC": 45.37339912871322,
  "UNIT_PRICE": 5.99,
  "REVENUE_FC_ADJ": 45.37339912871322,
  "UNIT_SALES_FC_ADJ": 7.574857951371154,
  "DIF_COUPON_ALL": 0
}, {
  "LOCATION_NUM": "148",
  "ITEM_NUM": "14368",
  "CALENDAR_DATE": "2017-09-10T00:00:00",
  "ITEM_DESC": "COUNTRY FRENCH 2 PACK",
  "DIF_TRND": -0.09578933444008975,
  "DIF_PRICE": null,
  "DIF_HOL": null,
  "DIF_WK_DAY": 0.5862476467566058,
  "DIF_INT": 8.647582371968241,
  "DIF_HRM": -1.3050068546094726,
  "DIF_DEMO": null,
  "DIF_COUPON": null,
  "UNIT_SALES": 9,
  "UNIT_SALES_FC": 7.833033829675284,
  "REVENUE": 53.91000000000001,
  "REVENUE_FC": 46.919872639754956,
  "UNIT_PRICE": 5.99,
  "REVENUE_FC_ADJ": 46.919872639754956,
  "UNIT_SALES_FC_ADJ": 7.833033829675284,
  "DIF_COUPON_ALL": 0
}, {
  "LOCATION_NUM": "148",
  "ITEM_NUM": "14368",
  "CALENDAR_DATE": "2017-09-11T00:00:00",
  "ITEM_DESC": "COUNTRY FRENCH 2 PACK",
  "DIF_TRND": -0.10449674394320674,
  "DIF_PRICE": null,
  "DIF_HOL": null,
  "DIF_WK_DAY": -0.16984858638710598,
  "DIF_INT": 8.647582371968241,
  "DIF_HRM": -1.3356511440544852,
  "DIF_DEMO": null,
  "DIF_COUPON": null,
  "UNIT_SALES": 7,
  "UNIT_SALES_FC": 7.037585897583443,
  "REVENUE": 41.93000000000001,
  "REVENUE_FC": 42.15513952652483,
  "UNIT_PRICE": 5.99,
  "REVENUE_FC_ADJ": 42.15513952652483,
  "UNIT_SALES_FC_ADJ": 7.037585897583443,
  "DIF_COUPON_ALL": 0
}, {
  "LOCATION_NUM": "148",
  "ITEM_NUM": "14368",
  "CALENDAR_DATE": "2017-09-12T00:00:00",
  "ITEM_DESC": "COUNTRY FRENCH 2 PACK",
  "DIF_TRND": -0.11320403481832919,
  "DIF_PRICE": null,
  "DIF_HOL": null,
  "DIF_WK_DAY": -0.5890838498093247,
  "DIF_INT": 8.647582371968241,
  "DIF_HRM": -1.3650887853980391,
  "DIF_DEMO": null,
  "DIF_COUPON": null,
  "UNIT_SALES": 6,
  "UNIT_SALES_FC": 6.580205701942548,
  "REVENUE": 35.94,
  "REVENUE_FC": 39.415432154635866,
  "UNIT_PRICE": 5.99,
  "REVENUE_FC_ADJ": 39.415432154635866,
  "UNIT_SALES_FC_ADJ": 6.580205701942548,
  "DIF_COUPON_ALL": 0
}, {
  "LOCATION_NUM": "148",
  "ITEM_NUM": "14368",
  "CALENDAR_DATE": "2017-09-13T00:00:00",
  "ITEM_DESC": "COUNTRY FRENCH 2 PACK",
  "DIF_TRND": -0.1219112070670878,
  "DIF_PRICE": null,
  "DIF_HOL": null,
  "DIF_WK_DAY": -0.6306694726740787,
  "DIF_INT": 8.647582371968241,
  "DIF_HRM": -1.3932836556605945,
  "DIF_DEMO": null,
  "DIF_COUPON": null,
  "UNIT_SALES": 6,
  "UNIT_SALES_FC": 6.50171803656648,
  "REVENUE": 35.94,
  "REVENUE_FC": 38.945291039033215,
  "UNIT_PRICE": 5.99,
  "REVENUE_FC_ADJ": 38.945291039033215,
  "UNIT_SALES_FC_ADJ": 6.50171803656648,
  "DIF_COUPON_ALL": 0
}, {
  "LOCATION_NUM": "148",
  "ITEM_NUM": "14368",
  "CALENDAR_DATE": "2017-09-14T00:00:00",
  "ITEM_DESC": "COUNTRY FRENCH 2 PACK",
  "DIF_TRND": -0.13061826069118787,
  "DIF_PRICE": null,
  "DIF_HOL": null,
  "DIF_WK_DAY": -0.4721581264787824,
  "DIF_INT": 8.647582371968241,
  "DIF_HRM": -1.4202021821623498,
  "DIF_DEMO": null,
  "DIF_COUPON": null,
  "UNIT_SALES": 7,
  "UNIT_SALES_FC": 6.624603802635921,
  "REVENUE": 41.93,
  "REVENUE_FC": 39.68137677778917,
  "UNIT_PRICE": 5.99,
  "REVENUE_FC_ADJ": 39.68137677778917,
  "UNIT_SALES_FC_ADJ": 6.624603802635921,
  "DIF_COUPON_ALL": 0
}, {
  "LOCATION_NUM": "148",
  "ITEM_NUM": "14368",
  "CALENDAR_DATE": "2017-09-15T00:00:00",
  "ITEM_DESC": "COUNTRY FRENCH 2 PACK",
  "DIF_TRND": -0.13932519569218904,
  "DIF_PRICE": null,
  "DIF_HOL": null,
  "DIF_WK_DAY": 1.1805323335487383,
  "DIF_INT": 8.647582371968241,
  "DIF_HRM": -1.4458133590661397,
  "DIF_DEMO": null,
  "DIF_COUPON": null,
  "UNIT_SALES": 9,
  "UNIT_SALES_FC": 8.24297615075865,
  "REVENUE": 53.910000000000004,
  "REVENUE_FC": 49.37542714304432,
  "UNIT_PRICE": 5.99,
  "REVENUE_FC_ADJ": 49.37542714304432,
  "UNIT_SALES_FC_ADJ": 8.24297615075865,
  "DIF_COUPON_ALL": 0
}, {
  "LOCATION_NUM": "148",
  "ITEM_NUM": "14368",
  "CALENDAR_DATE": "2017-09-16T00:00:00",
  "ITEM_DESC": "COUNTRY FRENCH 2 PACK",
  "DIF_TRND": -0.14803201207172556,
  "DIF_PRICE": null,
  "DIF_HOL": null,
  "DIF_WK_DAY": 0.2773775950672581,
  "DIF_INT": 8.647582371968241,
  "DIF_HRM": -1.4700887574638832,
  "DIF_DEMO": null,
  "DIF_COUPON": null,
  "UNIT_SALES": 10,
  "UNIT_SALES_FC": 7.30683919749989,
  "REVENUE": 59.9,
  "REVENUE_FC": 43.76796679302434,
  "UNIT_PRICE": 5.99,
  "REVENUE_FC_ADJ": 43.76796679302434,
  "UNIT_SALES_FC_ADJ": 7.30683919749989,
  "DIF_COUPON_ALL": 0
}, {
  "LOCATION_NUM": "148",
  "ITEM_NUM": "14368",
  "CALENDAR_DATE": "2017-09-17T00:00:00",
  "ITEM_DESC": "COUNTRY FRENCH 2 PACK",
  "DIF_TRND": -0.1567387098313553,
  "DIF_PRICE": null,
  "DIF_HOL": null,
  "DIF_WK_DAY": 0.5661085884258048,
  "DIF_INT": 8.647582371968241,
  "DIF_HRM": -1.4930025290722426,
  "DIF_DEMO": null,
  "DIF_COUPON": null,
  "UNIT_SALES": 10,
  "UNIT_SALES_FC": 7.563949721490448,
  "REVENUE": 59.900000000000006,
  "REVENUE_FC": 45.308058831727784,
  "UNIT_PRICE": 5.99,
  "REVENUE_FC_ADJ": 45.308058831727784,
  "UNIT_SALES_FC_ADJ": 7.563949721490448,
  "DIF_COUPON_ALL": 0
}, {
  "LOCATION_NUM": "148",
  "ITEM_NUM": "14368",
  "CALENDAR_DATE": "2017-09-18T00:00:00",
  "ITEM_DESC": "COUNTRY FRENCH 2 PACK",
  "DIF_TRND": -0.16544528897278354,
  "DIF_PRICE": null,
  "DIF_HOL": null,
  "DIF_WK_DAY": -0.16419684116123,
  "DIF_INT": 8.647582371968241,
  "DIF_HRM": -1.5145314036212092,
  "DIF_DEMO": null,
  "DIF_COUPON": null,
  "UNIT_SALES": 7,
  "UNIT_SALES_FC": 6.803408838213018,
  "REVENUE": 41.93,
  "REVENUE_FC": 40.75241894089598,
  "UNIT_PRICE": 5.99,
  "REVENUE_FC_ADJ": 40.75241894089598,
  "UNIT_SALES_FC_ADJ": 6.803408838213018,
  "DIF_COUPON_ALL": 0
}, {
  "LOCATION_NUM": "148",
  "ITEM_NUM": "14368",
  "CALENDAR_DATE": "2017-09-19T00:00:00",
  "ITEM_DESC": "COUNTRY FRENCH 2 PACK",
  "DIF_TRND": -0.17415174949757173,
  "DIF_PRICE": null,
  "DIF_HOL": null,
  "DIF_WK_DAY": -0.5701430826066742,
  "DIF_INT": 8.647582371968241,
  "DIF_HRM": -1.5346546800327818,
  "DIF_DEMO": null,
  "DIF_COUPON": null,
  "UNIT_SALES": 11,
  "UNIT_SALES_FC": 6.368632859831213,
  "REVENUE": 65.89000000000001,
  "REVENUE_FC": 38.148110830388966,
  "UNIT_PRICE": 5.99,
  "REVENUE_FC_ADJ": 38.148110830388966,
  "UNIT_SALES_FC_ADJ": 6.368632859831213,
  "DIF_COUPON_ALL": 0
}, {
  "LOCATION_NUM": "148",
  "ITEM_NUM": "14368",
  "CALENDAR_DATE": "2017-09-20T00:00:00",
  "ITEM_DESC": "COUNTRY FRENCH 2 PACK",
  "DIF_TRND": -0.18285809140735232,
  "DIF_PRICE": null,
  "DIF_HOL": null,
  "DIF_WK_DAY": -0.6111263740589381,
  "DIF_INT": 8.647582371968241,
  "DIF_HRM": -1.5533542115072887,
  "DIF_DEMO": null,
  "DIF_COUPON": null,
  "UNIT_SALES": 9,
  "UNIT_SALES_FC": 6.300243694994662,
  "REVENUE": 53.910000000000004,
  "REVENUE_FC": 37.738459733018026,
  "UNIT_PRICE": 5.99,
  "REVENUE_FC_ADJ": 37.738459733018026,
  "UNIT_SALES_FC_ADJ": 6.300243694994662,
  "DIF_COUPON_ALL": 0
}, {
  "LOCATION_NUM": "148",
  "ITEM_NUM": "14368",
  "CALENDAR_DATE": "2017-09-21T00:00:00",
  "ITEM_DESC": "COUNTRY FRENCH 2 PACK",
  "DIF_TRND": -0.191564314703756,
  "DIF_PRICE": null,
  "DIF_HOL": null,
  "DIF_WK_DAY": -0.45809614731141846,
  "DIF_INT": 8.647582371968241,
  "DIF_HRM": -1.5706143846457374,
  "DIF_DEMO": null,
  "DIF_COUPON": null,
  "UNIT_SALES": 11,
  "UNIT_SALES_FC": 6.427307525307329,
  "REVENUE": 65.89,
  "REVENUE_FC": 38.4995720765909,
  "UNIT_PRICE": 5.99,
  "REVENUE_FC_ADJ": 38.4995720765909,
  "UNIT_SALES_FC_ADJ": 6.427307525307329,
  "DIF_COUPON_ALL": 0
}, {
  "LOCATION_NUM": "148",
  "ITEM_NUM": "14368",
  "CALENDAR_DATE": "2017-09-22T00:00:00",
  "ITEM_DESC": "COUNTRY FRENCH 2 PACK",
  "DIF_TRND": -0.200270419388346,
  "DIF_PRICE": null,
  "DIF_HOL": null,
  "DIF_WK_DAY": 1.1468413096190844,
  "DIF_INT": 8.647582371968241,
  "DIF_HRM": -1.5864220927547787,
  "DIF_DEMO": null,
  "DIF_COUPON": null,
  "UNIT_SALES": 8,
  "UNIT_SALES_FC": 8.0077311694442,
  "REVENUE": 47.92,
  "REVENUE_FC": 47.96630970497076,
  "UNIT_PRICE": 5.99,
  "REVENUE_FC_ADJ": 47.96630970497076,
  "UNIT_SALES_FC_ADJ": 8.0077311694442,
  "DIF_COUPON_ALL": 0
}, {
  "LOCATION_NUM": "148",
  "ITEM_NUM": "14368",
  "CALENDAR_DATE": "2017-09-23T00:00:00",
  "ITEM_DESC": "COUNTRY FRENCH 2 PACK",
  "DIF_TRND": -0.20897640546282403,
  "DIF_PRICE": null,
  "DIF_HOL": null,
  "DIF_WK_DAY": 0.26981631275632534,
  "DIF_INT": 8.647582371968241,
  "DIF_HRM": -1.6007667034941413,
  "DIF_DEMO": null,
  "DIF_COUPON": null,
  "UNIT_SALES": 10,
  "UNIT_SALES_FC": 7.107655575767601,
  "REVENUE": 59.90000000000001,
  "REVENUE_FC": 42.57485689884793,
  "UNIT_PRICE": 5.99,
  "REVENUE_FC_ADJ": 42.57485689884793,
  "UNIT_SALES_FC_ADJ": 7.107655575767601,
  "DIF_COUPON_ALL": 0
}, {
  "LOCATION_NUM": "148",
  "ITEM_NUM": "14368",
  "CALENDAR_DATE": "2017-09-24T00:00:00",
  "ITEM_DESC": "COUNTRY FRENCH 2 PACK",
  "DIF_TRND": -0.21768227292868225,
  "DIF_PRICE": null,
  "DIF_HOL": null,
  "DIF_WK_DAY": 0.5514191159423101,
  "DIF_INT": 8.647582371968241,
  "DIF_HRM": -1.6136400210404656,
  "DIF_DEMO": null,
  "DIF_COUPON": null,
  "UNIT_SALES": 9,
  "UNIT_SALES_FC": 7.367679193941403,
  "REVENUE": 53.91,
  "REVENUE_FC": 44.13239837170901,
  "UNIT_PRICE": 5.99,
  "REVENUE_FC_ADJ": 44.13239837170901,
  "UNIT_SALES_FC_ADJ": 7.367679193941403,
  "DIF_COUPON_ALL": 0
}, {
  "LOCATION_NUM": "148",
  "ITEM_NUM": "14368",
  "CALENDAR_DATE": "2017-09-25T00:00:00",
  "ITEM_DESC": "COUNTRY FRENCH 2 PACK",
  "DIF_TRND": -0.2263880217876224,
  "DIF_PRICE": null,
  "DIF_HOL": null,
  "DIF_WK_DAY": -0.160156550842407,
  "DIF_INT": 8.647582371968241,
  "DIF_HRM": -1.6250362429561154,
  "DIF_DEMO": null,
  "DIF_COUPON": null,
  "UNIT_SALES": 7,
  "UNIT_SALES_FC": 6.636001556382096,
  "REVENUE": 41.93000000000001,
  "REVENUE_FC": 39.74964932272876,
  "UNIT_PRICE": 5.99,
  "REVENUE_FC_ADJ": 39.74964932272876,
  "UNIT_SALES_FC_ADJ": 6.636001556382096,
  "DIF_COUPON_ALL": 0
}, {
  "LOCATION_NUM": "148",
  "ITEM_NUM": "14368",
  "CALENDAR_DATE": "2017-09-26T00:00:00",
  "ITEM_DESC": "COUNTRY FRENCH 2 PACK",
  "DIF_TRND": -0.23509365204127697,
  "DIF_PRICE": null,
  "DIF_HOL": null,
  "DIF_WK_DAY": -0.5568944378993779,
  "DIF_INT": 8.647582371968241,
  "DIF_HRM": -1.6349519119614246,
  "DIF_DEMO": null,
  "DIF_COUPON": null,
  "UNIT_SALES": 6,
  "UNIT_SALES_FC": 6.2206423700661615,
  "REVENUE": 35.940000000000005,
  "REVENUE_FC": 37.26164779669631,
  "UNIT_PRICE": 5.99,
  "REVENUE_FC_ADJ": 37.26164779669631,
  "UNIT_SALES_FC_ADJ": 6.2206423700661615,
  "DIF_COUPON_ALL": 0
}, {
  "LOCATION_NUM": "148",
  "ITEM_NUM": "14368",
  "CALENDAR_DATE": "2017-09-27T00:00:00",
  "ITEM_DESC": "COUNTRY FRENCH 2 PACK",
  "DIF_TRND": -0.00820041594527865,
  "DIF_PRICE": null,
  "DIF_HOL": null,
  "DIF_WK_DAY": -0.6139317315342137,
  "DIF_INT": 8.647064282585204,
  "DIF_HRM": -1.3264798951256376,
  "DIF_DEMO": null,
  "DIF_COUPON": null,
  "UNIT_SALES": 6,
  "UNIT_SALES_FC": 6.698452239980074,
  "REVENUE": 35.940000000000005,
  "REVENUE_FC": 40.12372891748064,
  "UNIT_PRICE": 5.99,
  "REVENUE_FC_ADJ": 40.12372891748064,
  "UNIT_SALES_FC_ADJ": 6.698452239980074,
  "DIF_COUPON_ALL": 0
}, {
  "LOCATION_NUM": "148",
  "ITEM_NUM": "14368",
  "CALENDAR_DATE": "2017-09-28T00:00:00",
  "ITEM_DESC": "COUNTRY FRENCH 2 PACK",
  "DIF_TRND": -0.008208477541812087,
  "DIF_PRICE": null,
  "DIF_HOL": null,
  "DIF_WK_DAY": -0.4521844245145328,
  "DIF_INT": 8.634563744027925,
  "DIF_HRM": -1.3414381790583843,
  "DIF_DEMO": null,
  "DIF_COUPON": null,
  "UNIT_SALES": 9,
  "UNIT_SALES_FC": 6.832732662913196,
  "REVENUE": 53.91000000000001,
  "REVENUE_FC": 40.92806865085005,
  "UNIT_PRICE": 5.99,
  "REVENUE_FC_ADJ": 40.92806865085005,
  "UNIT_SALES_FC_ADJ": 6.832732662913196,
  "DIF_COUPON_ALL": 0
}, {
  "LOCATION_NUM": "148",
  "ITEM_NUM": "14368",
  "CALENDAR_DATE": "2017-09-29T00:00:00",
  "ITEM_DESC": "COUNTRY FRENCH 2 PACK",
  "DIF_TRND": -0.016416847362254572,
  "DIF_PRICE": null,
  "DIF_HOL": null,
  "DIF_WK_DAY": 1.179360489173325,
  "DIF_INT": 8.634563744027925,
  "DIF_HRM": -1.3482760644013112,
  "DIF_DEMO": null,
  "DIF_COUPON": null,
  "UNIT_SALES": 17,
  "UNIT_SALES_FC": 8.449231321437685,
  "REVENUE": 101.82999999999998,
  "REVENUE_FC": 50.610895615411735,
  "UNIT_PRICE": 5.99,
  "REVENUE_FC_ADJ": 50.610895615411735,
  "UNIT_SALES_FC_ADJ": 8.449231321437685,
  "DIF_COUPON_ALL": 0
}, {
  "LOCATION_NUM": "148",
  "ITEM_NUM": "14368",
  "CALENDAR_DATE": "2017-09-30T00:00:00",
  "ITEM_DESC": "COUNTRY FRENCH 2 PACK",
  "DIF_TRND": -0.02462510946271479,
  "DIF_PRICE": null,
  "DIF_HOL": null,
  "DIF_WK_DAY": 0.36462318678438077,
  "DIF_INT": 8.634563744027925,
  "DIF_HRM": -1.3539963983569265,
  "DIF_DEMO": null,
  "DIF_COUPON": null,
  "UNIT_SALES": 11,
  "UNIT_SALES_FC": 7.620565422992665,
  "REVENUE": 65.89000000000001,
  "REVENUE_FC": 45.647186883726064,
  "UNIT_PRICE": 5.99,
  "REVENUE_FC_ADJ": 45.647186883726064,
  "UNIT_SALES_FC_ADJ": 7.620565422992665,
  "DIF_COUPON_ALL": 0
}, {
  "LOCATION_NUM": "148",
  "ITEM_NUM": "14368",
  "CALENDAR_DATE": "2017-10-01T00:00:00",
  "ITEM_DESC": "COUNTRY FRENCH 2 PACK",
  "DIF_TRND": -0.03283326384458185,
  "DIF_PRICE": null,
  "DIF_HOL": null,
  "DIF_WK_DAY": 0.5694257955629869,
  "DIF_INT": 8.634563744027925,
  "DIF_HRM": -1.3586013373865296,
  "DIF_DEMO": null,
  "DIF_COUPON": null,
  "UNIT_SALES": 15,
  "UNIT_SALES_FC": 7.812554938359801,
  "REVENUE": 89.85000000000002,
  "REVENUE_FC": 46.79720408077521,
  "UNIT_PRICE": 5.99,
  "REVENUE_FC_ADJ": 46.79720408077521,
  "UNIT_SALES_FC_ADJ": 7.812554938359801,
  "DIF_COUPON_ALL": 0
}, {
  "LOCATION_NUM": "148",
  "ITEM_NUM": "14368",
  "CALENDAR_DATE": "2017-10-02T00:00:00",
  "ITEM_DESC": "COUNTRY FRENCH 2 PACK",
  "DIF_TRND": -0.041041310509314144,
  "DIF_PRICE": null,
  "DIF_HOL": null,
  "DIF_WK_DAY": -0.3050143339805498,
  "DIF_INT": 8.634563744027925,
  "DIF_HRM": -1.3620943461749269,
  "DIF_DEMO": null,
  "DIF_COUPON": null,
  "UNIT_SALES": 11,
  "UNIT_SALES_FC": 6.926413753363135,
  "REVENUE": 65.89,
  "REVENUE_FC": 41.48921838264518,
  "UNIT_PRICE": 5.99,
  "REVENUE_FC_ADJ": 41.48921838264518,
  "UNIT_SALES_FC_ADJ": 6.926413753363135,
  "DIF_COUPON_ALL": 0
}, {
  "LOCATION_NUM": "148",
  "ITEM_NUM": "14368",
  "CALENDAR_DATE": "2017-10-03T00:00:00",
  "ITEM_DESC": "COUNTRY FRENCH 2 PACK",
  "DIF_TRND": -0.04924924945830078,
  "DIF_PRICE": null,
  "DIF_HOL": null,
  "DIF_WK_DAY": -0.549384187160241,
  "DIF_INT": 8.634563744027925,
  "DIF_HRM": -1.3644801356292167,
  "DIF_DEMO": null,
  "DIF_COUPON": null,
  "UNIT_SALES": 8,
  "UNIT_SALES_FC": 6.671450171780167,
  "REVENUE": 47.92000000000001,
  "REVENUE_FC": 39.9619865289632,
  "UNIT_PRICE": 5.99,
  "REVENUE_FC_ADJ": 39.9619865289632,
  "UNIT_SALES_FC_ADJ": 6.671450171780167,
  "DIF_COUPON_ALL": 0
}, {
  "LOCATION_NUM": "148",
  "ITEM_NUM": "14368",
  "CALENDAR_DATE": "2017-10-04T00:00:00",
  "ITEM_DESC": "COUNTRY FRENCH 2 PACK",
  "DIF_TRND": -0.05745708069300015,
  "DIF_PRICE": null,
  "DIF_HOL": null,
  "DIF_WK_DAY": -0.6120306660190993,
  "DIF_INT": 8.634563744027925,
  "DIF_HRM": -1.3657645992193403,
  "DIF_DEMO": null,
  "DIF_COUPON": null,
  "UNIT_SALES": 11,
  "UNIT_SALES_FC": 6.599311398096486,
  "REVENUE": 65.89000000000001,
  "REVENUE_FC": 39.52987527459795,
  "UNIT_PRICE": 5.99,
  "REVENUE_FC_ADJ": 39.52987527459795,
  "UNIT_SALES_FC_ADJ": 6.599311398096486,
  "DIF_COUPON_ALL": 0
}, {
  "LOCATION_NUM": "148",
  "ITEM_NUM": "14368",
  "CALENDAR_DATE": "2017-10-05T00:00:00",
  "ITEM_DESC": "COUNTRY FRENCH 2 PACK",
  "DIF_TRND": -0.06566480421480136,
  "DIF_PRICE": null,
  "DIF_HOL": null,
  "DIF_WK_DAY": -0.447096258631694,
  "DIF_INT": 8.634563744027925,
  "DIF_HRM": -1.365954747898881,
  "DIF_DEMO": null,
  "DIF_COUPON": null,
  "UNIT_SALES": 6,
  "UNIT_SALES_FC": 6.755847933282549,
  "REVENUE": 35.940000000000005,
  "REVENUE_FC": 40.46752912036247,
  "UNIT_PRICE": 5.99,
  "REVENUE_FC_ADJ": 40.46752912036247,
  "UNIT_SALES_FC_ADJ": 6.755847933282549,
  "DIF_COUPON_ALL": 0
}, {
  "LOCATION_NUM": "148",
  "ITEM_NUM": "14368",
  "CALENDAR_DATE": "2017-10-09T00:00:00",
  "ITEM_DESC": "COUNTRY FRENCH 2 PACK",
  "DIF_TRND": -0.030913150734207306,
  "DIF_PRICE": null,
  "DIF_HOL": null,
  "DIF_WK_DAY": -0.31402624234353116,
  "DIF_INT": 8.773524569780653,
  "DIF_HRM": -1.0883843090582,
  "DIF_DEMO": null,
  "DIF_COUPON": null,
  "UNIT_SALES": 7,
  "UNIT_SALES_FC": 7.340200867644715,
  "REVENUE": 41.93000000000001,
  "REVENUE_FC": 43.96780319719184,
  "UNIT_PRICE": 5.99,
  "REVENUE_FC_ADJ": 43.96780319719184,
  "UNIT_SALES_FC_ADJ": 7.340200867644715,
  "DIF_COUPON_ALL": 0
}, {
  "LOCATION_NUM": "148",
  "ITEM_NUM": "14368",
  "CALENDAR_DATE": "2017-12-01T00:00:00",
  "ITEM_DESC": "COUNTRY FRENCH 2 PACK",
  "DIF_TRND": -0.007784147043059519,
  "DIF_PRICE": null,
  "DIF_HOL": null,
  "DIF_WK_DAY": 1.2892737042340467,
  "DIF_INT": 8.322774952853297,
  "DIF_HRM": 0.17777002008184084,
  "DIF_DEMO": null,
  "DIF_COUPON": null,
  "UNIT_SALES": 10,
  "UNIT_SALES_FC": 9.782034530126126,
  "REVENUE": 59.900000000000006,
  "REVENUE_FC": 58.594386835455495,
  "UNIT_PRICE": 5.99,
  "REVENUE_FC_ADJ": 58.594386835455495,
  "UNIT_SALES_FC_ADJ": 9.782034530126126,
  "DIF_COUPON_ALL": 0
}, {
  "LOCATION_NUM": "148",
  "ITEM_NUM": "14368",
  "CALENDAR_DATE": "2017-12-02T00:00:00",
  "ITEM_DESC": "COUNTRY FRENCH 2 PACK",
  "DIF_TRND": -0.007699151308193208,
  "DIF_PRICE": null,
  "DIF_HOL": null,
  "DIF_WK_DAY": 0.5029623816878281,
  "DIF_INT": 8.496765326485637,
  "DIF_HRM": 0.7020485123517481,
  "DIF_DEMO": null,
  "DIF_COUPON": null,
  "UNIT_SALES": 10,
  "UNIT_SALES_FC": 9.69407706921702,
  "REVENUE": 59.9,
  "REVENUE_FC": 58.06752164460995,
  "UNIT_PRICE": 5.99,
  "REVENUE_FC_ADJ": 58.06752164460995,
  "UNIT_SALES_FC_ADJ": 9.69407706921702,
  "DIF_COUPON_ALL": 0
}, {
  "LOCATION_NUM": "148",
  "ITEM_NUM": "14368",
  "CALENDAR_DATE": "2017-12-03T00:00:00",
  "ITEM_DESC": "COUNTRY FRENCH 2 PACK",
  "DIF_TRND": -0.01539820952014459,
  "DIF_PRICE": null,
  "DIF_HOL": null,
  "DIF_WK_DAY": 0.9314700514169978,
  "DIF_INT": 8.496765326485637,
  "DIF_HRM": 0.7311540476268217,
  "DIF_DEMO": null,
  "DIF_COUPON": null,
  "UNIT_SALES": 16,
  "UNIT_SALES_FC": 10.143991216009312,
  "REVENUE": 95.84,
  "REVENUE_FC": 60.76250738389578,
  "UNIT_PRICE": 5.99,
  "REVENUE_FC_ADJ": 60.76250738389578,
  "UNIT_SALES_FC_ADJ": 10.143991216009312,
  "DIF_COUPON_ALL": 0
}, {
  "LOCATION_NUM": "148",
  "ITEM_NUM": "14368",
  "CALENDAR_DATE": "2017-12-05T00:00:00",
  "ITEM_DESC": "COUNTRY FRENCH 2 PACK",
  "DIF_TRND": -0.03079604665992086,
  "DIF_PRICE": null,
  "DIF_HOL": null,
  "DIF_WK_DAY": -0.9461083929519241,
  "DIF_INT": 8.496765326485637,
  "DIF_HRM": 0.7904281541105487,
  "DIF_DEMO": null,
  "DIF_COUPON": null,
  "UNIT_SALES": 9,
  "UNIT_SALES_FC": 8.31028904098434,
  "REVENUE": 53.91000000000001,
  "REVENUE_FC": 49.7786313554962,
  "UNIT_PRICE": 5.99,
  "REVENUE_FC_ADJ": 49.7786313554962,
  "UNIT_SALES_FC_ADJ": 8.31028904098434,
  "DIF_COUPON_ALL": 0
}, {
  "LOCATION_NUM": "148",
  "ITEM_NUM": "14368",
  "CALENDAR_DATE": "2017-12-06T00:00:00",
  "ITEM_DESC": "COUNTRY FRENCH 2 PACK",
  "DIF_TRND": -0.038494825589937776,
  "DIF_PRICE": null,
  "DIF_HOL": null,
  "DIF_WK_DAY": -0.9328051889168876,
  "DIF_INT": 8.496765326485637,
  "DIF_HRM": 0.8206230512741612,
  "DIF_DEMO": null,
  "DIF_COUPON": null,
  "UNIT_SALES": 16,
  "UNIT_SALES_FC": 8.346088363252973,
  "REVENUE": 95.83999999999999,
  "REVENUE_FC": 49.993069295885306,
  "UNIT_PRICE": 5.99,
  "REVENUE_FC_ADJ": 49.993069295885306,
  "UNIT_SALES_FC_ADJ": 8.346088363252973,
  "DIF_COUPON_ALL": 0
}, {
  "LOCATION_NUM": "148",
  "ITEM_NUM": "14368",
  "CALENDAR_DATE": "2017-12-07T00:00:00",
  "ITEM_DESC": "COUNTRY FRENCH 2 PACK",
  "DIF_TRND": -0.04619351142823902,
  "DIF_PRICE": null,
  "DIF_HOL": null,
  "DIF_WK_DAY": -0.45750111281094696,
  "DIF_INT": 8.496765326485637,
  "DIF_HRM": 0.851204928184206,
  "DIF_DEMO": null,
  "DIF_COUPON": null,
  "UNIT_SALES": 14,
  "UNIT_SALES_FC": 8.844275630430657,
  "REVENUE": 83.86,
  "REVENUE_FC": 52.97721102627963,
  "UNIT_PRICE": 5.99,
  "REVENUE_FC_ADJ": 52.97721102627963,
  "UNIT_SALES_FC_ADJ": 8.844275630430657,
  "DIF_COUPON_ALL": 0
}, {
  "LOCATION_NUM": "148",
  "ITEM_NUM": "14368",
  "CALENDAR_DATE": "2017-12-17T00:00:00",
  "ITEM_DESC": "COUNTRY FRENCH 2 PACK",
  "DIF_TRND": -0.12317525001384944,
  "DIF_PRICE": null,
  "DIF_HOL": null,
  "DIF_WK_DAY": 0.96589758487967,
  "DIF_INT": 8.496765326485637,
  "DIF_HRM": 1.1794298300683757,
  "DIF_DEMO": null,
  "DIF_COUPON": null,
  "UNIT_SALES": 6,
  "UNIT_SALES_FC": 10.901805524638506,
  "REVENUE": 35.94,
  "REVENUE_FC": 65.30181509258466,
  "UNIT_PRICE": 5.99,
  "REVENUE_FC_ADJ": 65.30181509258466,
  "UNIT_SALES_FC_ADJ": 10.901805524638506,
  "DIF_COUPON_ALL": 0
}, {
  "LOCATION_NUM": "148",
  "ITEM_NUM": "14368",
  "CALENDAR_DATE": "2017-12-18T00:00:00",
  "ITEM_DESC": "COUNTRY FRENCH 2 PACK",
  "DIF_TRND": -0.130872911917427,
  "DIF_PRICE": null,
  "DIF_HOL": null,
  "DIF_WK_DAY": -0.38007402061275286,
  "DIF_INT": 8.496765326485637,
  "DIF_HRM": 1.2144600826480332,
  "DIF_DEMO": null,
  "DIF_COUPON": null,
  "UNIT_SALES": 18,
  "UNIT_SALES_FC": 9.20027847660349,
  "REVENUE": 107.82,
  "REVENUE_FC": 55.10966807485491,
  "UNIT_PRICE": 5.99,
  "REVENUE_FC_ADJ": 55.10966807485491,
  "UNIT_SALES_FC_ADJ": 9.20027847660349,
  "DIF_COUPON_ALL": 0
}, {
  "LOCATION_NUM": "148",
  "ITEM_NUM": "14368",
  "CALENDAR_DATE": "2017-12-20T00:00:00",
  "ITEM_DESC": "COUNTRY FRENCH 2 PACK",
  "DIF_TRND": -0.14626795649106938,
  "DIF_PRICE": null,
  "DIF_HOL": null,
  "DIF_WK_DAY": -0.968715191683728,
  "DIF_INT": 8.496765326485637,
  "DIF_HRM": 1.2856037718098836,
  "DIF_DEMO": null,
  "DIF_COUPON": null,
  "UNIT_SALES": 10,
  "UNIT_SALES_FC": 8.667385950120723,
  "REVENUE": 59.900000000000006,
  "REVENUE_FC": 51.91764184122313,
  "UNIT_PRICE": 5.99,
  "REVENUE_FC_ADJ": 51.91764184122313,
  "UNIT_SALES_FC_ADJ": 8.667385950120723,
  "DIF_COUPON_ALL": 0
}, {
  "LOCATION_NUM": "148",
  "ITEM_NUM": "14368",
  "CALENDAR_DATE": "2018-01-06T00:00:00",
  "ITEM_DESC": "COUNTRY FRENCH 2 PACK",
  "DIF_TRND": -0.007602669512948523,
  "DIF_PRICE": null,
  "DIF_HOL": null,
  "DIF_WK_DAY": 0.6515042685258283,
  "DIF_INT": 8.351504984660759,
  "DIF_HRM": 2.15286913230368,
  "DIF_DEMO": null,
  "DIF_COUPON": null,
  "UNIT_SALES": 16,
  "UNIT_SALES_FC": 11.148275715977318,
  "REVENUE": 95.83999999999999,
  "REVENUE_FC": 66.77817153870414,
  "UNIT_PRICE": 5.99,
  "REVENUE_FC_ADJ": 66.77817153870414,
  "UNIT_SALES_FC_ADJ": 11.148275715977318,
  "DIF_COUPON_ALL": 0
}, {
  "LOCATION_NUM": "148",
  "ITEM_NUM": "14368",
  "CALENDAR_DATE": "2018-01-07T00:00:00",
  "ITEM_DESC": "COUNTRY FRENCH 2 PACK",
  "DIF_TRND": -0.015205250828865147,
  "DIF_PRICE": null,
  "DIF_HOL": null,
  "DIF_WK_DAY": 0.7675633202930783,
  "DIF_INT": 8.351504984660759,
  "DIF_HRM": 2.1851457335250295,
  "DIF_DEMO": null,
  "DIF_COUPON": null,
  "UNIT_SALES": 8,
  "UNIT_SALES_FC": 11.289008787650001,
  "REVENUE": 47.92000000000001,
  "REVENUE_FC": 67.6211626380235,
  "UNIT_PRICE": 5.99,
  "REVENUE_FC_ADJ": 67.6211626380235,
  "UNIT_SALES_FC_ADJ": 11.289008787650001,
  "DIF_COUPON_ALL": 0
}, {
  "LOCATION_NUM": "148",
  "ITEM_NUM": "14368",
  "CALENDAR_DATE": "2018-01-08T00:00:00",
  "ITEM_DESC": "COUNTRY FRENCH 2 PACK",
  "DIF_TRND": -0.02280774394884233,
  "DIF_PRICE": null,
  "DIF_HOL": null,
  "DIF_WK_DAY": -0.47017388353394196,
  "DIF_INT": 8.351504984660759,
  "DIF_HRM": 2.216736204622258,
  "DIF_DEMO": null,
  "DIF_COUPON": null,
  "UNIT_SALES": 11,
  "UNIT_SALES_FC": 10.075259561800232,
  "REVENUE": 65.89000000000001,
  "REVENUE_FC": 60.35080477518339,
  "UNIT_PRICE": 5.99,
  "REVENUE_FC_ADJ": 60.35080477518339,
  "UNIT_SALES_FC_ADJ": 10.075259561800232,
  "DIF_COUPON_ALL": 0
}, {
  "LOCATION_NUM": "148",
  "ITEM_NUM": "14368",
  "CALENDAR_DATE": "2018-01-09T00:00:00",
  "ITEM_DESC": "COUNTRY FRENCH 2 PACK",
  "DIF_TRND": -0.030410148873897924,
  "DIF_PRICE": null,
  "DIF_HOL": null,
  "DIF_WK_DAY": -1.1642511790562526,
  "DIF_INT": 8.351504984660759,
  "DIF_HRM": 2.2475886642437253,
  "DIF_DEMO": null,
  "DIF_COUPON": null,
  "UNIT_SALES": 10,
  "UNIT_SALES_FC": 9.404432320974333,
  "REVENUE": 59.900000000000006,
  "REVENUE_FC": 56.332549602636256,
  "UNIT_PRICE": 5.99,
  "REVENUE_FC_ADJ": 56.332549602636256,
  "UNIT_SALES_FC_ADJ": 9.404432320974333,
  "DIF_COUPON_ALL": 0
}, {
  "LOCATION_NUM": "148",
  "ITEM_NUM": "14368",
  "CALENDAR_DATE": "2018-01-10T00:00:00",
  "ITEM_DESC": "COUNTRY FRENCH 2 PACK",
  "DIF_TRND": -0.03801246560497695,
  "DIF_PRICE": null,
  "DIF_HOL": null,
  "DIF_WK_DAY": -0.923141360988252,
  "DIF_INT": 8.351504984660759,
  "DIF_HRM": 2.2776503976306497,
  "DIF_DEMO": null,
  "DIF_COUPON": null,
  "UNIT_SALES": 10,
  "UNIT_SALES_FC": 9.66800155569818,
  "REVENUE": 59.900000000000006,
  "REVENUE_FC": 57.9113293186321,
  "UNIT_PRICE": 5.99,
  "REVENUE_FC_ADJ": 57.9113293186321,
  "UNIT_SALES_FC_ADJ": 9.66800155569818,
  "DIF_COUPON_ALL": 0
}, {
  "LOCATION_NUM": "148",
  "ITEM_NUM": "14368",
  "CALENDAR_DATE": "2017-10-27T00:00:00",
  "ITEM_DESC": null,
  "DIF_TRND": -0.17000245814780612,
  "DIF_PRICE": null,
  "DIF_HOL": 0.0032683373580306707,
  "DIF_WK_DAY": 1.2615607234022779,
  "DIF_INT": 8.773524569780653,
  "DIF_HRM": -0.8873176467582704,
  "DIF_DEMO": null,
  "DIF_COUPON": null,
  "UNIT_SALES": null,
  "UNIT_SALES_FC": 8.981033525634885,
  "REVENUE": null,
  "REVENUE_FC": 53.796390818552965,
  "UNIT_PRICE": 5.99,
  "REVENUE_FC_ADJ": 0,
  "UNIT_SALES_FC_ADJ": 0,
  "DIF_COUPON_ALL": 0
}, {
  "LOCATION_NUM": "148",
  "ITEM_NUM": "14368",
  "CALENDAR_DATE": "2017-10-28T00:00:00",
  "ITEM_DESC": null,
  "DIF_TRND": -0.17772868858666868,
  "DIF_PRICE": null,
  "DIF_HOL": 0.005660926360384622,
  "DIF_WK_DAY": 0.39306128431146714,
  "DIF_INT": 8.773524569780653,
  "DIF_HRM": -0.8706398474229458,
  "DIF_DEMO": null,
  "DIF_COUPON": null,
  "UNIT_SALES": null,
  "UNIT_SALES_FC": 8.12387824444289,
  "REVENUE": null,
  "REVENUE_FC": 48.662030684212915,
  "UNIT_PRICE": 5.99,
  "REVENUE_FC_ADJ": 0,
  "UNIT_SALES_FC_ADJ": 0,
  "DIF_COUPON_ALL": 0
}, {
  "LOCATION_NUM": "148",
  "ITEM_NUM": "14368",
  "CALENDAR_DATE": "2017-10-29T00:00:00",
  "ITEM_DESC": null,
  "DIF_TRND": -0.18545481868613578,
  "DIF_PRICE": null,
  "DIF_HOL": 0.009805012074091124,
  "DIF_WK_DAY": 0.6632413726818154,
  "DIF_INT": 8.773524569780653,
  "DIF_HRM": -0.8534275188323424,
  "DIF_DEMO": null,
  "DIF_COUPON": null,
  "UNIT_SALES": null,
  "UNIT_SALES_FC": 8.407688617018081,
  "REVENUE": null,
  "REVENUE_FC": 50.36205481593831,
  "UNIT_PRICE": 5.99,
  "REVENUE_FC_ADJ": 0,
  "UNIT_SALES_FC_ADJ": 0,
  "DIF_COUPON_ALL": 0
}, {
  "LOCATION_NUM": "148",
  "ITEM_NUM": "14368",
  "CALENDAR_DATE": "2017-10-30T00:00:00",
  "ITEM_DESC": null,
  "DIF_TRND": -0.19318084844753258,
  "DIF_PRICE": null,
  "DIF_HOL": 0.01698277908115209,
  "DIF_WK_DAY": -0.3184331190658458,
  "DIF_INT": 8.773524569780653,
  "DIF_HRM": -0.8356840514193529,
  "DIF_DEMO": null,
  "DIF_COUPON": null,
  "UNIT_SALES": null,
  "UNIT_SALES_FC": 7.443209329929074,
  "REVENUE": null,
  "REVENUE_FC": 44.58482388627515,
  "UNIT_PRICE": 5.99,
  "REVENUE_FC_ADJ": 0,
  "UNIT_SALES_FC_ADJ": 0,
  "DIF_COUPON_ALL": 0
}, {
  "LOCATION_NUM": "148",
  "ITEM_NUM": "14368",
  "CALENDAR_DATE": "2017-11-07T00:00:00",
  "ITEM_DESC": null,
  "DIF_TRND": -0.2549854745255402,
  "DIF_PRICE": null,
  "DIF_HOL": 0.019175322539689788,
  "DIF_WK_DAY": -0.6526747242176176,
  "DIF_INT": 8.773524569780653,
  "DIF_HRM": -0.6747970413008222,
  "DIF_DEMO": null,
  "DIF_COUPON": null,
  "UNIT_SALES": null,
  "UNIT_SALES_FC": 7.210242652276363,
  "REVENUE": null,
  "REVENUE_FC": 43.18935348713541,
  "UNIT_PRICE": 5.99,
  "REVENUE_FC_ADJ": 0,
  "UNIT_SALES_FC_ADJ": 0,
  "DIF_COUPON_ALL": 0
}, {
  "LOCATION_NUM": "148",
  "ITEM_NUM": "14368",
  "CALENDAR_DATE": "2017-11-08T00:00:00",
  "ITEM_DESC": null,
  "DIF_TRND": -0.26271060130315327,
  "DIF_PRICE": null,
  "DIF_HOL": 0.03321263289026266,
  "DIF_WK_DAY": -0.6585645056663578,
  "DIF_INT": 8.773524569780653,
  "DIF_HRM": -0.6523148327096475,
  "DIF_DEMO": null,
  "DIF_COUPON": null,
  "UNIT_SALES": null,
  "UNIT_SALES_FC": 7.233147262991757,
  "REVENUE": null,
  "REVENUE_FC": 43.32655210532062,
  "UNIT_PRICE": 5.99,
  "REVENUE_FC_ADJ": 0,
  "UNIT_SALES_FC_ADJ": 0,
  "DIF_COUPON_ALL": 0
}, {
  "LOCATION_NUM": "148",
  "ITEM_NUM": "14368",
  "CALENDAR_DATE": "2017-11-09T00:00:00",
  "ITEM_DESC": null,
  "DIF_TRND": -0.2704356277557771,
  "DIF_PRICE": null,
  "DIF_HOL": 0.05752596761906936,
  "DIF_WK_DAY": -0.5169530725154976,
  "DIF_INT": 8.773524569780653,
  "DIF_HRM": -0.6292994029845387,
  "DIF_DEMO": null,
  "DIF_COUPON": null,
  "UNIT_SALES": null,
  "UNIT_SALES_FC": 7.414362434143909,
  "REVENUE": null,
  "REVENUE_FC": 44.41203098052202,
  "UNIT_PRICE": 5.99,
  "REVENUE_FC_ADJ": 0,
  "UNIT_SALES_FC_ADJ": 0,
  "DIF_COUPON_ALL": 0
}, {
  "LOCATION_NUM": "148",
  "ITEM_NUM": "14368",
  "CALENDAR_DATE": "2017-11-10T00:00:00",
  "ITEM_DESC": null,
  "DIF_TRND": -0.2781605538846623,
  "DIF_PRICE": null,
  "DIF_HOL": 0.09963789867079065,
  "DIF_WK_DAY": 1.3056499927966856,
  "DIF_INT": 8.773524569780653,
  "DIF_HRM": -0.6057474762647201,
  "DIF_DEMO": null,
  "DIF_COUPON": null,
  "UNIT_SALES": null,
  "UNIT_SALES_FC": 9.294904431098747,
  "REVENUE": null,
  "REVENUE_FC": 55.676477542281496,
  "UNIT_PRICE": 5.99,
  "REVENUE_FC_ADJ": 0,
  "UNIT_SALES_FC_ADJ": 0,
  "DIF_COUPON_ALL": 0
}, {
  "LOCATION_NUM": "148",
  "ITEM_NUM": "14368",
  "CALENDAR_DATE": "2017-11-19T00:00:00",
  "ITEM_DESC": null,
  "DIF_TRND": -0.3476803746923398,
  "DIF_PRICE": null,
  "DIF_HOL": 5.092880250668848,
  "DIF_WK_DAY": 1.1261596027654104,
  "DIF_INT": 8.773524569780653,
  "DIF_HRM": -0.36893616120836903,
  "DIF_DEMO": null,
  "DIF_COUPON": null,
  "UNIT_SALES": null,
  "UNIT_SALES_FC": 14.275947887314203,
  "REVENUE": null,
  "REVENUE_FC": 85.51292784501207,
  "UNIT_PRICE": 5.99,
  "REVENUE_FC_ADJ": 0,
  "UNIT_SALES_FC_ADJ": 0,
  "DIF_COUPON_ALL": 0
}, {
  "LOCATION_NUM": "148",
  "ITEM_NUM": "14368",
  "CALENDAR_DATE": "2017-11-20T00:00:00",
  "ITEM_DESC": null,
  "DIF_TRND": -0.35540429765569215,
  "DIF_PRICE": null,
  "DIF_HOL": 8.821127351022566,
  "DIF_WK_DAY": -0.6933263950678104,
  "DIF_INT": 8.773524569780653,
  "DIF_HRM": -0.33977562490303725,
  "DIF_DEMO": null,
  "DIF_COUPON": null,
  "UNIT_SALES": null,
  "UNIT_SALES_FC": 16.20614560317668,
  "REVENUE": null,
  "REVENUE_FC": 97.07481216302831,
  "UNIT_PRICE": 5.99,
  "REVENUE_FC_ADJ": 0,
  "UNIT_SALES_FC_ADJ": 0,
  "DIF_COUPON_ALL": 0
}, {
  "LOCATION_NUM": "148",
  "ITEM_NUM": "14368",
  "CALENDAR_DATE": "2017-11-21T00:00:00",
  "ITEM_DESC": null,
  "DIF_TRND": -0.3631281203097103,
  "DIF_PRICE": null,
  "DIF_HOL": 15.278640752006543,
  "DIF_WK_DAY": -1.9406141274393107,
  "DIF_INT": 8.773524569780653,
  "DIF_HRM": -0.3100277538486118,
  "DIF_DEMO": null,
  "DIF_COUPON": null,
  "UNIT_SALES": null,
  "UNIT_SALES_FC": 21.438395320189564,
  "REVENUE": null,
  "REVENUE_FC": 128.41598796793548,
  "UNIT_PRICE": 5.99,
  "REVENUE_FC_ADJ": 0,
  "UNIT_SALES_FC_ADJ": 0,
  "DIF_COUPON_ALL": 0
}, {
  "LOCATION_NUM": "148",
  "ITEM_NUM": "14368",
  "CALENDAR_DATE": "2017-11-22T00:00:00",
  "ITEM_DESC": null,
  "DIF_TRND": -0.37085184265565374,
  "DIF_PRICE": null,
  "DIF_HOL": 26.46338205306769,
  "DIF_WK_DAY": -2.8862373681226963,
  "DIF_INT": 8.773524569780653,
  "DIF_HRM": -0.2796882068714961,
  "DIF_DEMO": null,
  "DIF_COUPON": null,
  "UNIT_SALES": null,
  "UNIT_SALES_FC": 31.700129205198497,
  "REVENUE": null,
  "REVENUE_FC": 189.883773939139,
  "UNIT_PRICE": 5.99,
  "REVENUE_FC_ADJ": 0,
  "UNIT_SALES_FC_ADJ": 0,
  "DIF_COUPON_ALL": 0
}, {
  "LOCATION_NUM": "148",
  "ITEM_NUM": "14368",
  "CALENDAR_DATE": "2017-12-08T00:00:00",
  "ITEM_DESC": "COUNTRY FRENCH 2 PACK",
  "DIF_TRND": -0.053892104175883304,
  "DIF_PRICE": null,
  "DIF_HOL": -0.46011364951570854,
  "DIF_WK_DAY": 1.4876898135046623,
  "DIF_INT": 8.496765326485637,
  "DIF_HRM": 0.8821830898819343,
  "DIF_DEMO": null,
  "DIF_COUPON": null,
  "UNIT_SALES": 9,
  "UNIT_SALES_FC": 10.352632476180641,
  "REVENUE": 53.91000000000001,
  "REVENUE_FC": 62.01226853232205,
  "UNIT_PRICE": 5.99,
  "REVENUE_FC_ADJ": 62.01226853232205,
  "UNIT_SALES_FC_ADJ": 10.352632476180641,
  "DIF_COUPON_ALL": 0
}, {
  "LOCATION_NUM": "148",
  "ITEM_NUM": "14368",
  "CALENDAR_DATE": "2017-12-09T00:00:00",
  "ITEM_DESC": "COUNTRY FRENCH 2 PACK",
  "DIF_TRND": -0.061590603834144275,
  "DIF_PRICE": null,
  "DIF_HOL": -0.7969402182171468,
  "DIF_WK_DAY": 0.4679773510063985,
  "DIF_INT": 8.496765326485637,
  "DIF_HRM": 0.9135651149167678,
  "DIF_DEMO": null,
  "DIF_COUPON": null,
  "UNIT_SALES": 10,
  "UNIT_SALES_FC": 9.019776970357512,
  "REVENUE": 59.90000000000001,
  "REVENUE_FC": 54.0284640524415,
  "UNIT_PRICE": 5.99,
  "REVENUE_FC_ADJ": 54.0284640524415,
  "UNIT_SALES_FC_ADJ": 9.019776970357512,
  "DIF_COUPON_ALL": 0
}, {
  "LOCATION_NUM": "148",
  "ITEM_NUM": "14368",
  "CALENDAR_DATE": "2017-12-10T00:00:00",
  "ITEM_DESC": null,
  "DIF_TRND": -0.06928901040401314,
  "DIF_PRICE": null,
  "DIF_HOL": -1.3803409485471265,
  "DIF_WK_DAY": 0.8081139701563407,
  "DIF_INT": 8.496765326485637,
  "DIF_HRM": 0.945356760519072,
  "DIF_DEMO": null,
  "DIF_COUPON": null,
  "UNIT_SALES": null,
  "UNIT_SALES_FC": 8.80060609820991,
  "REVENUE": null,
  "REVENUE_FC": 52.71563052827736,
  "UNIT_PRICE": 5.99,
  "REVENUE_FC_ADJ": 0,
  "UNIT_SALES_FC_ADJ": 0,
  "DIF_COUPON_ALL": 0
}, {
  "LOCATION_NUM": "148",
  "ITEM_NUM": "14368",
  "CALENDAR_DATE": "2017-12-11T00:00:00",
  "ITEM_DESC": "COUNTRY FRENCH 2 PACK",
  "DIF_TRND": -0.07698732388668894,
  "DIF_PRICE": null,
  "DIF_HOL": -2.3908206546514394,
  "DIF_WK_DAY": -0.27796429531050126,
  "DIF_INT": 8.496765326485637,
  "DIF_HRM": 0.9775618727602389,
  "DIF_DEMO": null,
  "DIF_COUPON": null,
  "UNIT_SALES": 2,
  "UNIT_SALES_FC": 6.728554925397246,
  "REVENUE": 11.98,
  "REVENUE_FC": 40.304044003129505,
  "UNIT_PRICE": 5.99,
  "REVENUE_FC_ADJ": 40.304044003129505,
  "UNIT_SALES_FC_ADJ": 6.728554925397246,
  "DIF_COUPON_ALL": 0
}, {
  "LOCATION_NUM": "148",
  "ITEM_NUM": "14368",
  "CALENDAR_DATE": "2017-12-12T00:00:00",
  "ITEM_DESC": "COUNTRY FRENCH 2 PACK",
  "DIF_TRND": -0.08468554428323216,
  "DIF_PRICE": null,
  "DIF_HOL": -18.290785012180578,
  "DIF_WK_DAY": 0.9064632363843614,
  "DIF_INT": 8.496765326485637,
  "DIF_HRM": 1.0101823020221374,
  "DIF_DEMO": null,
  "DIF_COUPON": null,
  "UNIT_SALES": 11,
  "UNIT_SALES_FC": -7.962059691571676,
  "REVENUE": 65.89,
  "REVENUE_FC": -47.692737552514345,
  "UNIT_PRICE": 5.99,
  "REVENUE_FC_ADJ": -47.692737552514345,
  "UNIT_SALES_FC_ADJ": -7.962059691571676,
  "DIF_COUPON_ALL": 0
}, {
  "LOCATION_NUM": "148",
  "ITEM_NUM": "14368",
  "CALENDAR_DATE": "2017-12-13T00:00:00",
  "ITEM_DESC": "COUNTRY FRENCH 2 PACK",
  "DIF_TRND": -0.09238367159477612,
  "DIF_PRICE": null,
  "DIF_HOL": -0.9640062143830814,
  "DIF_WK_DAY": -0.8528538207030136,
  "DIF_INT": 8.496765326485637,
  "DIF_HRM": 1.043217824076553,
  "DIF_DEMO": null,
  "DIF_COUPON": null,
  "UNIT_SALES": 10,
  "UNIT_SALES_FC": 7.6307394438813185,
  "REVENUE": 59.90000000000001,
  "REVENUE_FC": 45.7081292688491,
  "UNIT_PRICE": 5.99,
  "REVENUE_FC_ADJ": 45.7081292688491,
  "UNIT_SALES_FC_ADJ": 7.6307394438813185,
  "DIF_COUPON_ALL": 0
}, {
  "LOCATION_NUM": "148",
  "ITEM_NUM": "14368",
  "CALENDAR_DATE": "2017-12-14T00:00:00",
  "ITEM_DESC": "COUNTRY FRENCH 2 PACK",
  "DIF_TRND": -0.10008170582252163,
  "DIF_PRICE": null,
  "DIF_HOL": -0.5565692473745472,
  "DIF_WK_DAY": -0.4385653501216087,
  "DIF_INT": 8.496765326485637,
  "DIF_HRM": 1.0766660670653092,
  "DIF_DEMO": null,
  "DIF_COUPON": null,
  "UNIT_SALES": 3,
  "UNIT_SALES_FC": 8.478215090232268,
  "REVENUE": 17.97,
  "REVENUE_FC": 50.78450839049129,
  "UNIT_PRICE": 5.99,
  "REVENUE_FC_ADJ": 50.78450839049129,
  "UNIT_SALES_FC_ADJ": 8.478215090232268,
  "DIF_COUPON_ALL": 0
}, {
  "LOCATION_NUM": "148",
  "ITEM_NUM": "14368",
  "CALENDAR_DATE": "2017-12-15T00:00:00",
  "ITEM_DESC": "COUNTRY FRENCH 2 PACK",
  "DIF_TRND": -0.1077796469675274,
  "DIF_PRICE": null,
  "DIF_HOL": -0.3213354047943593,
  "DIF_WK_DAY": 1.5402552030812338,
  "DIF_INT": 8.496765326485637,
  "DIF_HRM": 1.1105224446532063,
  "DIF_DEMO": null,
  "DIF_COUPON": null,
  "UNIT_SALES": 12,
  "UNIT_SALES_FC": 10.71842792245819,
  "REVENUE": 71.88000000000001,
  "REVENUE_FC": 64.20338325552456,
  "UNIT_PRICE": 5.99,
  "REVENUE_FC_ADJ": 64.20338325552456,
  "UNIT_SALES_FC_ADJ": 10.71842792245819,
  "DIF_COUPON_ALL": 0
}, {
  "LOCATION_NUM": "148",
  "ITEM_NUM": "14368",
  "CALENDAR_DATE": "2017-12-16T00:00:00",
  "ITEM_DESC": "COUNTRY FRENCH 2 PACK",
  "DIF_TRND": -0.11547749503092675,
  "DIF_PRICE": null,
  "DIF_HOL": -0.1855230824581824,
  "DIF_WK_DAY": 0.5111395996048689,
  "DIF_INT": 8.496765326485637,
  "DIF_HRM": 1.1447800956116279,
  "DIF_DEMO": null,
  "DIF_COUPON": null,
  "UNIT_SALES": 12,
  "UNIT_SALES_FC": 9.851684444213024,
  "REVENUE": 71.88000000000001,
  "REVENUE_FC": 59.011589820836015,
  "UNIT_PRICE": 5.99,
  "REVENUE_FC_ADJ": 59.011589820836015,
  "UNIT_SALES_FC_ADJ": 9.851684444213024,
  "DIF_COUPON_ALL": 0
}, {
  "LOCATION_NUM": "148",
  "ITEM_NUM": "14368",
  "CALENDAR_DATE": "2017-12-21T00:00:00",
  "ITEM_DESC": "COUNTRY FRENCH 2 PACK",
  "DIF_TRND": -0.15396533916339905,
  "DIF_PRICE": null,
  "DIF_HOL": 1.6363748776590228,
  "DIF_WK_DAY": -0.5558244063120465,
  "DIF_INT": 8.496765326485637,
  "DIF_HRM": 1.3216818787178717,
  "DIF_DEMO": null,
  "DIF_COUPON": null,
  "UNIT_SALES": 6,
  "UNIT_SALES_FC": 10.745032337387086,
  "REVENUE": 35.940000000000005,
  "REVENUE_FC": 64.36274370094864,
  "UNIT_PRICE": 5.99,
  "REVENUE_FC_ADJ": 64.36274370094864,
  "UNIT_SALES_FC_ADJ": 10.745032337387086,
  "DIF_COUPON_ALL": 0
}, {
  "LOCATION_NUM": "148",
  "ITEM_NUM": "14368",
  "CALENDAR_DATE": "2017-12-22T00:00:00",
  "ITEM_DESC": "COUNTRY FRENCH 2 PACK",
  "DIF_TRND": -0.16166262876083515,
  "DIF_PRICE": null,
  "DIF_HOL": 2.8342844283347315,
  "DIF_WK_DAY": 2.102322684977427,
  "DIF_INT": 8.496765326485637,
  "DIF_HRM": 1.3580698018489716,
  "DIF_DEMO": null,
  "DIF_COUPON": null,
  "UNIT_SALES": 23,
  "UNIT_SALES_FC": 14.629779612885931,
  "REVENUE": 137.77,
  "REVENUE_FC": 87.63237988118674,
  "UNIT_PRICE": 5.99,
  "REVENUE_FC_ADJ": 87.63237988118674,
  "UNIT_SALES_FC_ADJ": 14.629779612885931,
  "DIF_COUPON_ALL": 0
}, {
  "LOCATION_NUM": "148",
  "ITEM_NUM": "14368",
  "CALENDAR_DATE": "2017-12-23T00:00:00",
  "ITEM_DESC": "COUNTRY FRENCH 2 PACK",
  "DIF_TRND": -0.16935982528458027,
  "DIF_PRICE": null,
  "DIF_HOL": 4.909124632977065,
  "DIF_WK_DAY": 0.800662439710008,
  "DIF_INT": 8.496765326485637,
  "DIF_HRM": 1.3947436495122592,
  "DIF_DEMO": null,
  "DIF_COUPON": null,
  "UNIT_SALES": 15,
  "UNIT_SALES_FC": 15.431936223400388,
  "REVENUE": 89.85000000000002,
  "REVENUE_FC": 92.43729797816833,
  "UNIT_PRICE": 5.99,
  "REVENUE_FC_ADJ": 92.43729797816833,
  "UNIT_SALES_FC_ADJ": 15.431936223400388,
  "DIF_COUPON_ALL": 0
}, {
  "LOCATION_NUM": "148",
  "ITEM_NUM": "14368",
  "CALENDAR_DATE": "2017-12-24T00:00:00",
  "ITEM_DESC": "COUNTRY FRENCH 2 PACK",
  "DIF_TRND": -0.17705692873576773,
  "DIF_PRICE": null,
  "DIF_HOL": 8.502853285004196,
  "DIF_WK_DAY": 1.8456702966117184,
  "DIF_INT": 8.496765326485637,
  "DIF_HRM": 1.4316770279040423,
  "DIF_DEMO": null,
  "DIF_COUPON": null,
  "UNIT_SALES": 10,
  "UNIT_SALES_FC": 20.831544618438503,
  "REVENUE": 59.900000000000006,
  "REVENUE_FC": 124.78095226444664,
  "UNIT_PRICE": 5.99,
  "REVENUE_FC_ADJ": 124.78095226444664,
  "UNIT_SALES_FC_ADJ": 20.831544618438503,
  "DIF_COUPON_ALL": 0
}, {
  "LOCATION_NUM": "148",
  "ITEM_NUM": "14368",
  "CALENDAR_DATE": "2017-12-26T00:00:00",
  "ITEM_DESC": null,
  "DIF_TRND": -0.19245085642477733,
  "DIF_PRICE": null,
  "DIF_HOL": -2.072994027838008,
  "DIF_WK_DAY": -0.7908624477238746,
  "DIF_INT": 8.496765326485637,
  "DIF_HRM": 1.5062043342641758,
  "DIF_DEMO": null,
  "DIF_COUPON": null,
  "UNIT_SALES": null,
  "UNIT_SALES_FC": 6.946662328763153,
  "REVENUE": null,
  "REVENUE_FC": 41.61050734929128,
  "UNIT_PRICE": 5.99,
  "REVENUE_FC_ADJ": 0,
  "UNIT_SALES_FC_ADJ": 0,
  "DIF_COUPON_ALL": 0
}, {
  "LOCATION_NUM": "148",
  "ITEM_NUM": "14368",
  "CALENDAR_DATE": "2017-12-27T00:00:00",
  "ITEM_DESC": "COUNTRY FRENCH 2 PACK",
  "DIF_TRND": -0.20014768066486255,
  "DIF_PRICE": null,
  "DIF_HOL": -1.1968436600007593,
  "DIF_WK_DAY": -0.8689299186659394,
  "DIF_INT": 8.496765326485637,
  "DIF_HRM": 1.5437330565869445,
  "DIF_DEMO": null,
  "DIF_COUPON": null,
  "UNIT_SALES": 10,
  "UNIT_SALES_FC": 7.77457712374102,
  "REVENUE": 59.90000000000001,
  "REVENUE_FC": 46.56971697120871,
  "UNIT_PRICE": 5.99,
  "REVENUE_FC_ADJ": 46.56971697120871,
  "UNIT_SALES_FC_ADJ": 7.77457712374102,
  "DIF_COUPON_ALL": 0
}, {
  "LOCATION_NUM": "148",
  "ITEM_NUM": "14368",
  "CALENDAR_DATE": "2017-12-28T00:00:00",
  "ITEM_DESC": "COUNTRY FRENCH 2 PACK",
  "DIF_TRND": -0.2078444118369145,
  "DIF_PRICE": null,
  "DIF_HOL": -0.44209424841874245,
  "DIF_WK_DAY": -0.4637200150288887,
  "DIF_INT": 8.496765326485637,
  "DIF_HRM": 1.5813909498303254,
  "DIF_DEMO": null,
  "DIF_COUPON": null,
  "UNIT_SALES": 6,
  "UNIT_SALES_FC": 8.964497601031416,
  "REVENUE": 35.940000000000005,
  "REVENUE_FC": 53.69734063017819,
  "UNIT_PRICE": 5.99,
  "REVENUE_FC_ADJ": 53.69734063017819,
  "UNIT_SALES_FC_ADJ": 8.964497601031416,
  "DIF_COUPON_ALL": 0
}, {
  "LOCATION_NUM": "148",
  "ITEM_NUM": "14368",
  "CALENDAR_DATE": "2017-12-29T00:00:00",
  "ITEM_DESC": "COUNTRY FRENCH 2 PACK",
  "DIF_TRND": -0.2155410499419883,
  "DIF_PRICE": null,
  "DIF_HOL": 0.032166073338602885,
  "DIF_WK_DAY": 1.666849276857473,
  "DIF_INT": 8.496765326485637,
  "DIF_HRM": 1.6191393565988665,
  "DIF_DEMO": null,
  "DIF_COUPON": null,
  "UNIT_SALES": 10,
  "UNIT_SALES_FC": 11.59937898333859,
  "REVENUE": 59.90000000000001,
  "REVENUE_FC": 69.48028011019817,
  "UNIT_PRICE": 5.99,
  "REVENUE_FC_ADJ": 69.48028011019817,
  "UNIT_SALES_FC_ADJ": 11.59937898333859,
  "DIF_COUPON_ALL": 0
}, {
  "LOCATION_NUM": "148",
  "ITEM_NUM": "14368",
  "CALENDAR_DATE": "2017-12-30T00:00:00",
  "ITEM_DESC": "COUNTRY FRENCH 2 PACK",
  "DIF_TRND": -0.22323759498122264,
  "DIF_PRICE": null,
  "DIF_HOL": 0.7467112825817797,
  "DIF_WK_DAY": 0.5842836475262363,
  "DIF_INT": 8.496765326485637,
  "DIF_HRM": 1.656937271822633,
  "DIF_DEMO": null,
  "DIF_COUPON": null,
  "UNIT_SALES": 10,
  "UNIT_SALES_FC": 11.261459933435063,
  "REVENUE": 59.900000000000006,
  "REVENUE_FC": 67.45614500127603,
  "UNIT_PRICE": 5.99,
  "REVENUE_FC_ADJ": 67.45614500127603,
  "UNIT_SALES_FC_ADJ": 11.261459933435063,
  "DIF_COUPON_ALL": 0
}, {
  "LOCATION_NUM": "148",
  "ITEM_NUM": "14368",
  "CALENDAR_DATE": "2017-08-31T00:00:00",
  "ITEM_DESC": "COUNTRY FRENCH 2 PACK",
  "DIF_TRND": -0.008708714517092986,
  "DIF_PRICE": null,
  "DIF_HOL": 0.9261288886612453,
  "DIF_WK_DAY": -0.5737076343363761,
  "DIF_INT": 8.647582371968241,
  "DIF_HRM": -0.9419030600045089,
  "DIF_DEMO": null,
  "DIF_COUPON": null,
  "UNIT_SALES": 10,
  "UNIT_SALES_FC": 8.049391851771508,
  "REVENUE": 59.900000000000006,
  "REVENUE_FC": 48.215857192111336,
  "UNIT_PRICE": 5.99,
  "REVENUE_FC_ADJ": 48.215857192111336,
  "UNIT_SALES_FC_ADJ": 8.049391851771508,
  "DIF_COUPON_ALL": 0
}, {
  "LOCATION_NUM": "148",
  "ITEM_NUM": "14368",
  "CALENDAR_DATE": "2017-09-01T00:00:00",
  "ITEM_DESC": "COUNTRY FRENCH 2 PACK",
  "DIF_TRND": -0.01741731038844918,
  "DIF_PRICE": null,
  "DIF_HOL": 1.6041022895185773,
  "DIF_WK_DAY": 1.5465600507451072,
  "DIF_INT": 8.647582371968241,
  "DIF_HRM": -0.982090889742949,
  "DIF_DEMO": null,
  "DIF_COUPON": null,
  "UNIT_SALES": 15,
  "UNIT_SALES_FC": 10.798736512100527,
  "REVENUE": 89.85000000000002,
  "REVENUE_FC": 64.68443170748216,
  "UNIT_PRICE": 5.99,
  "REVENUE_FC_ADJ": 64.68443170748216,
  "UNIT_SALES_FC_ADJ": 10.798736512100527,
  "DIF_COUPON_ALL": 0
}, {
  "LOCATION_NUM": "148",
  "ITEM_NUM": "14368",
  "CALENDAR_DATE": "2017-09-02T00:00:00",
  "ITEM_DESC": "COUNTRY FRENCH 2 PACK",
  "DIF_TRND": -0.02612578761577211,
  "DIF_PRICE": null,
  "DIF_HOL": 2.778386665983737,
  "DIF_WK_DAY": 0.40951952670542013,
  "DIF_INT": 8.647582371968241,
  "DIF_HRM": -1.021565265324039,
  "DIF_DEMO": null,
  "DIF_COUPON": null,
  "UNIT_SALES": 10,
  "UNIT_SALES_FC": 10.787797511717587,
  "REVENUE": 59.900000000000006,
  "REVENUE_FC": 64.61890709518835,
  "UNIT_PRICE": 5.99,
  "REVENUE_FC_ADJ": 64.61890709518835,
  "UNIT_SALES_FC_ADJ": 10.787797511717587,
  "DIF_COUPON_ALL": 0
}, {
  "LOCATION_NUM": "148",
  "ITEM_NUM": "14368",
  "CALENDAR_DATE": "2017-09-03T00:00:00",
  "ITEM_DESC": "COUNTRY FRENCH 2 PACK",
  "DIF_TRND": -0.03483414620054859,
  "DIF_PRICE": null,
  "DIF_HOL": 4.812306868555733,
  "DIF_WK_DAY": 1.000281751979692,
  "DIF_INT": 8.647582371968241,
  "DIF_HRM": -1.0602669039127628,
  "DIF_DEMO": null,
  "DIF_COUPON": null,
  "UNIT_SALES": 10,
  "UNIT_SALES_FC": 13.365069942390354,
  "REVENUE": 59.900000000000006,
  "REVENUE_FC": 80.05676895491823,
  "UNIT_PRICE": 5.99,
  "REVENUE_FC_ADJ": 80.05676895491823,
  "UNIT_SALES_FC_ADJ": 13.365069942390354,
  "DIF_COUPON_ALL": 0
}, {
  "LOCATION_NUM": "148",
  "ITEM_NUM": "14368",
  "CALENDAR_DATE": "2017-12-31T00:00:00",
  "ITEM_DESC": "COUNTRY FRENCH 2 PACK",
  "DIF_TRND": -0.007602058498390463,
  "DIF_PRICE": null,
  "DIF_HOL": 0.0070264364634056165,
  "DIF_WK_DAY": 0.8120383728279652,
  "DIF_INT": 8.3762914826651,
  "DIF_HRM": 1.8517899721548243,
  "DIF_DEMO": null,
  "DIF_COUPON": null,
  "UNIT_SALES": 5,
  "UNIT_SALES_FC": 11.039544205612904,
  "REVENUE": 29.950000000000003,
  "REVENUE_FC": 66.1268697916213,
  "UNIT_PRICE": 5.99,
  "REVENUE_FC_ADJ": 66.1268697916213,
  "UNIT_SALES_FC_ADJ": 11.039544205612904,
  "DIF_COUPON_ALL": 0
}, {
  "LOCATION_NUM": "148",
  "ITEM_NUM": "14368",
  "CALENDAR_DATE": "2018-01-02T00:00:00",
  "ITEM_DESC": "COUNTRY FRENCH 2 PACK",
  "DIF_TRND": -0.022805909072014074,
  "DIF_PRICE": null,
  "DIF_HOL": -2.1941368971051336,
  "DIF_WK_DAY": -0.8887037033966223,
  "DIF_INT": 8.3762914826651,
  "DIF_HRM": 1.920532665956685,
  "DIF_DEMO": null,
  "DIF_COUPON": null,
  "UNIT_SALES": 6,
  "UNIT_SALES_FC": 7.191177639048014,
  "REVENUE": 35.940000000000005,
  "REVENUE_FC": 43.075154057897606,
  "UNIT_PRICE": 5.99,
  "REVENUE_FC_ADJ": 43.075154057897606,
  "UNIT_SALES_FC_ADJ": 7.191177639048014,
  "DIF_COUPON_ALL": 0
}, {
  "LOCATION_NUM": "148",
  "ITEM_NUM": "14368",
  "CALENDAR_DATE": "2018-01-03T00:00:00",
  "ITEM_DESC": "COUNTRY FRENCH 2 PACK",
  "DIF_TRND": -0.007639093210464409,
  "DIF_PRICE": null,
  "DIF_HOL": -1.6385726959043048,
  "DIF_WK_DAY": -0.6792035485132946,
  "DIF_INT": 8.351215040445355,
  "DIF_HRM": 1.989993027371872,
  "DIF_DEMO": null,
  "DIF_COUPON": null,
  "UNIT_SALES": 2,
  "UNIT_SALES_FC": 8.015792730189164,
  "REVENUE": 11.98,
  "REVENUE_FC": 48.014598453833095,
  "UNIT_PRICE": 5.99,
  "REVENUE_FC_ADJ": 48.014598453833095,
  "UNIT_SALES_FC_ADJ": 8.015792730189164,
  "DIF_COUPON_ALL": 0
}, {
  "LOCATION_NUM": "148",
  "ITEM_NUM": "14368",
  "CALENDAR_DATE": "2018-01-04T00:00:00",
  "ITEM_DESC": null,
  "DIF_TRND": -0.015278097491899345,
  "DIF_PRICE": null,
  "DIF_HOL": -0.9460303870671201,
  "DIF_WK_DAY": -0.5097131029567894,
  "DIF_INT": 8.351215040445355,
  "DIF_HRM": 2.0232456654008804,
  "DIF_DEMO": null,
  "DIF_COUPON": null,
  "UNIT_SALES": null,
  "UNIT_SALES_FC": 8.903439118330427,
  "REVENUE": null,
  "REVENUE_FC": 53.33160031879926,
  "UNIT_PRICE": 5.99,
  "REVENUE_FC_ADJ": 0,
  "UNIT_SALES_FC_ADJ": 0,
  "DIF_COUPON_ALL": 0
}, {
  "LOCATION_NUM": "148",
  "ITEM_NUM": "14368",
  "CALENDAR_DATE": "2018-01-05T00:00:00",
  "ITEM_DESC": null,
  "DIF_TRND": -0.02291701284532799,
  "DIF_PRICE": null,
  "DIF_HOL": -0.5461908986347677,
  "DIF_WK_DAY": 1.840281001984538,
  "DIF_INT": 8.351215040445355,
  "DIF_HRM": 2.0560398588715856,
  "DIF_DEMO": null,
  "DIF_COUPON": null,
  "UNIT_SALES": null,
  "UNIT_SALES_FC": 11.678427989821383,
  "REVENUE": null,
  "REVENUE_FC": 69.9537836590301,
  "UNIT_PRICE": 5.99,
  "REVENUE_FC_ADJ": 0,
  "UNIT_SALES_FC_ADJ": 0,
  "DIF_COUPON_ALL": 0
}]
0
